4209 5034
305 643 310 651 ι
456 575 525 670 tt»
824 524 828 531 ἱ
1007 573 1304 664 Monumenta'

456 789 601 868 truens
624 787 793 866 redditus
817 798 854 866 ct
879 765 1079 908 prouentus
1104 813 1195 868 snos
1220 787 1376 889 sparsim
1410 788 1448 862 in
1471 785 1703 888 plurimorum
1726 781 1823 858 Prin·

457 894 578 1068 lttiignm
603 888 771 967 dominiis
797 901 834 965 et
856 887 1084 967 districtibus
1109 891 1203 966 sitos
1228 887 1361 964 habeat
1386 897 1422 964 et
1438 909 1507 988 per
1529 881 1731 961 huiusmodi
1746 907 1824 983 qna·

458 1093 494 1166 si
518 1091 634 1190 aliqui
657 1089 784 1166 forsan
808 1113 880 1164 non
911 1091 963 1164 ita
995 1089 1191 1190 qualificali
1225 1099 1398 1190 pretextu
1430 1085 1684 1184 derogationis
1715 1083 1827 1158 statuti

457 1183 664 1266 huiusmodi
689 1213 759 1290 per
782 1212 852 1264 nos
875 1186 1032 1264 forsitan
1058 1190 1122 1266 uel
1146 1210 1394 1265 successores
1420 1198 1567 1262 nostros
1598 1179 1827 1260 concedende

459 1287 596 1366 admitti
629 1291 861 1394 contingeret
898 1287 940 1363 id
978 1291 1167 1385 ingrana
1203 1283 1442 1391 preindicinm
1478 1298 1514 1362 et
1551 1281 1829 1384 irrecuperabile

265 1480 271 1488 Ι
369 1475 373 1480 .
424 1385 625 1479 ‚danum
649 1390 724 1489 ipsi
748 1388 913 1466 ecclesie
938 1387 1094 1466 cederet
1120 1411 1186 1489 pro
1237 1400 1315 1464 arte
1340 1388 1441 1463 Petri
1466 1381 1678 1462 Oardinalis
1702 1393 1739 1458 ct
1759 1375 1830 1454 Lu·

457 1485 587 1565 douici
618 1488 739 1564 Ducis
769 1487 1017 1588 predictorum
1053 1489 1161 1566 uobis
1200 1413 1271 1564 dut
1307 1485 1491 1562 humiliter
1523 1482 1764 1586 supplicatum
1797 1488 1832 1554 nt

512 1000 617 1066 natas
640 1013 821 1092 personas
844 987 933 1064 illos
957 1011 1184 1066 conseruare
1210 999 1247 1065 et
1276 997 1509 1082 manutenere
1534 1007 1694 1062 necesse
1716 984 1771 1075 sit,
1793 993 1825 1057 et

458 1597 629 1665 statutum
651 1585 859 1665 huiusmodi
883 1587 1066 1664 ratificarc
1091 1598 1131 1664 et
1161 1589 1367 1690 approbare
1400 1607 1545 1664 necnon
1581 1585 1629 1660 dc
1654 1604 1749 1660 nono
1773 1597 1833 1678 pro

459 1687 615 1860 qtoboris
640 1687 787 1764 cautele
812 1689 989 1787 suffragio
1013 1683 1139 1770 itidem
1163 1701 1327 1765 statuere
1359 1695 1397 1761 et
1430 1681 1638 1760 decernere
1673 1705 1718 1758 ao
1748 1681 1833 1756 alias

338 1866 342 1875 p
475 1787 715 1885 npremissis
740 1797 919 1886 oportune
953 1787 1155 1889 prouidere
1186 1787 1235 1864 de
1272 1786 1495 1884 benignitate
1531 1781 1738 1884 apostolica
1761 1778 1834 1875 dig·

459 1907 631 1960 naremnr
645 1884 729 1961 Nos
753 1887 865 1983 igitur
888 1889 949 1984 qui
974 1895 1181 1962 cunctarum
1206 1888 1450 1962 ecclesiarum
1467 1881 1654 1960 utilitatem
1670 1893 1707 1957 ct
1727 1877 1835 1953 decus

459 1984 618 2059 intensis
643 1983 843 2060 desideriis
867 1986 1081 2062 adunamus
1114 1982 1293 2060 buismodi
1325 1984 1650 2085 supplicationibus
1685 1975 1836 2056 inclinati

459 2093 631 2160 sbtutnm
655 2094 694 2160 et
716 2082 937 2160 laudabilem
963 2086 1257 2162 obseruationem
1283 2083 1489 2160 luninsmcdi
1514 2106 1567 2160 ex
1597 2091 1724 2158 nostra
1744 2088 1837 2154 certa

459 2184 619 2260 scientia
632 2181 838 2284 apostolica
852 2188 1066 2260 wdorimte
1090 2193 1200 2260 ratam
1226 2199 1263 2262 et
1287 2196 1422 2279 gratam
1446 2179 1626 2260 habentes
1651 2190 1698 2258 a'c
1722 2197 1837 2258 omues

459 2293 501 2359 et
522 2281 694 2382 singulos
718 2282 890 2360 defectos
921 2286 1018 2384 siqui
1042 2286 1306 2360 interuencrint
1336 2286 1373 2358 in
1408 2282 1551 2362 eisdem
1582 2281 1710 2358 barum
1744 2277 1838 2354 serie
1974 2317 1975 2338 t

294 2394 297 2401 '
456 2383 679 2484 supplentes
695 2407 739 2458 ac
751 2386 914 2482 presenti
930 2386 1063 2484 pagina
1078 2387 1271 2486 perpetuis
1286 2383 1419 2460 futuris
1433 2384 1659 2483 temporibus
1675 2381 1839 2456 duratura
1974 2405 1975 2488 q

460 2505 513 2561 cx
538 2483 646 2559 simili
680 2483 836 2560 scientia
867 2506 913 2558 ao
945 2482 1043 2560 dicta
1074 2487 1287 2561 auctoritate
1318 2485 1508 2561 statuimus
1542 2480 1839 2560 decernimneet
1974 2489 1975 2512 ¹

460 2585 571 2660 ctiam
593 2581 805 2659 ordinamus
830 2582 929 2682 qnod
952 2582 1077 2660 nullus
1103 2586 1139 2660 in
1166 2579 1297 2660 eadem
1333 2581 1502 2660 ecclesia
1526 2577 1740 2681 dignitatem
1762 2597 1840 2677 pet·

461 2693 629 2758 sommum
653 2682 996 2759 administrationem
1022 2685 1084 2762 uel
1110 2683 1270 2760 officium
1300 2705 1372 2758 seu
1397 2677 1660 2760 canonicatum
1695 2693 1733 2758 ct
1762 2697 1839 2793 pro:
1975 2733 1976 2744 η

462 2781 619 2858 beotiam
652 2805 946 2882 quarumcunque
980 2773 1181 2858 litterarum
1212 2781 1496 2885 apostolicarum
1528 2785 1660 2880 nigore
1698 2799 1867 2892 assequi·

463 2882 584 2980 possit
599 2902 670 2956 sen
684 2881 822 2956 admitti
842 2894 1010 2958 tenentur
1034 2884 1105 2957 nisi
1132 2895 1171 2958 ut
1195 2881 1381 2982 prefertur
1405 2881 1454 2960 de
1465 2881 1593 2958 Nobili
1615 2881 1679 2958 uel
1696 2879 1840 2957 Militari

461 3000 603 3155 qeqtere
629 2993 849 3155 prloqqeatus
872 2995 934 3057 aut
959 2984 996 3056 in
1020 2980 1233 3100 'l'lteologia
1256 2979 1443 3100 Magister
1474 3005 1545 3058 seu
1576 2981 1697 3156 alterno
1723 2981 1841 3152 ipriqtm

463 3101 667 3256 tull}
687 3092 1019 3256 nttltttttll
1040 3082 1843 3282 ltttttttttttttllt‘ttut‘tbt

464 3281 680 3356 maturitate
710 3281 874 3356 scienter
909 3279 972 3354 nel
1012 3281 1226 3377 ignoranter
1262 3281 1458 3379 contigerit
1496 3281 1714 3380 attemptari·
1760 3276 1842 3355 Nou

464 3378 693 3456 obstantibus
718 3372 1047 3456 constitutionibus
1074 3393 1110 3455 et
1136 3375 1424 3460 ordinationibus
1457 3380 1674 3482 apostolicis
1700 3388 1739 3458 et
1762 3399 1843 3478 pre·

464 3480 591 3554 sertim
617 3475 906 3581 Constimciouis
932 3471 1094 3578 Capitoli
1120 3479 1359 3556 Venerabilis
1384 3479 1434 3556 de
1468 3475 1669 3580 prebendis
1705 3497 1843 3557 necnon
1975 3505 1976 3508 ¹

466 3578 746 3751 quibuscunque
761 3578 1073 3676 impetrationibus
1096 3601 1177 3656 cum
1203 3579 1382 3656 clausulis
1406 3581 1513 3656 edam
1538 3579 1843 3675 derogatoriarnm

494 3677 730 3794 erogatoriis·
754 3678 1032 3776 quibuscunque
1065 3681 1239 3780 personis
1274 3681 1378 3756 ctiam
1410 3691 1507 3756 moto
1546 3682 1696 3780 proprio
1731 3691 1769 3757 et
1796 3694 1844 3752 ex

464 3777 574 3850 simili
598 3776 757 3851 sciaena
780 3777 976 3852 concessis
1000 3777 1063 3852 nel
1088 3775 1343 3859 concedendis
1367 3780 1473 3854 eliam
1549 3802 1569 3853 r
1592 3780 1737 3856 litteras
1759 3797 1845 3876 apo-
1868 3803 1877 3816 ·

464 3874 621 3949 stolicas
644 3896 717 3948 non
740 3874 923 3952 facientes
948 3876 1090 3978 plenam
1117 3889 1155 3954 et
1180 3901 1397 3978 expressam
1416 3902 1463 3955 aa
1513 3902 1539 3956 e
1558 3890 1694 3956 statuto
1721 3877 1844 3956 buius

466 3971 564 4046 nodi
598 3993 742 4049 necnon
776 3987 852 4051 toto
887 3987 1018 4053 tenore
1042 3979 1266 4078 presentium
1299 3979 1496 4056 litterarum
1524 4002 1597 4054 non
1629 3990 1751 4056 antem
1780 3993 1843 4076 per

465 4070 656 4148 onasus
682 4076 882 4170 generales
908 4073 983 4152 sed
1004 4077 1186 4174 specifice
1211 4099 1292 4152 oum
1323 4079 1524 4154 insertione
1558 4078 1759 4155 litterarum
1783 4095 1842 4150 ca·

468 4169 620 4250 mntem
642 4176 859 4253 neumam
890 4197 965 4275 quc
994 4189 1124 4252 contra
1155 4172 1365 4256 huiusmodi
1388 4187 1559 4258 statutum
1587 4177 1779 4258 metum
1807 4181 1841 4250 at
