4209 5034
211 3154 216 3163 ι

689 540 957 647 episcopatus
984 540 1245 655 Augustani.
1315 628 1318 636 ,
1581 540 1681 627 233
1741 534 1746 541 ’

293 763 670 871 brandenburgensi,
697 770 872 847 ludonico
898 783 935 847 et
959 770 1133 849 ludouioo
1159 770 1319 847 Ernesto
1344 768 1550 849 Wilhelmo
1575 770 1682 849 llan-

291 871 378 945 rioo
404 869 595 970 Stephano
620 866 742 948 (ittoni
766 870 901 947 Joauni
933 866 1091 947 ducibus
1125 872 1285 947 Bauarie
1323 880 1359 947 et
1384 866 1586 961 comitibus
1611 894 1680 971 pa-

291 968 398 1044 latini
423 970 530 1061 Beni,
555 970 715 1047 Necnon
739 968 901 1045 Ernesto
926 969 1132 1048 Frederico
1167 985 1203 1047 et
1230 970 1387 1047 Alberto
1414 970 1570 1049 ducibus
1597 974 1680 1047 Au-

287 1071 410 1161 stris,
442 1070 635 1145 Bernardo
668 1070 866 1147 marchioni
892 1068 1077 1163 Bndensi,
1117 1072 1252 1147 Joanni
1280 1070 1491 1171 Burgrauio
1524 1070 1680 1147 Nuren·

285 1169 470 1263 bergensi
492 1166 715 1245 Eberhardo
747 1169 798 1244 de
834 1170 1092 1268 Wirttenbcrg
1125 1170 1300 1245 ludouioo
1339 1182 1375 1246 ct
1409 1168 1597 1247 frederico
1631 1169 1680 1247 de

290 1265 493 1367 Oettingcn
519 1268 683 1345 Rudotfo
707 1278 746 1344 ct
768 1264 974 1345 Wilhclmo
998 1270 1251 1361 montisfortis,
1279 1267 1483 1346 Wilhelmo
1517 1268 1565 1343 de
1584 1271 1681 1345 Pre-

289 1368 411 1467 gnitn,
436 1368 588 1466 llugoni
614 1367 663 1443 de
688 1366 958 1467 Werdenberg
982 1364 1171 1445 frederico
1205 1380 1240 1443 et
1274 1368 1408 1443 Jomnt
1436 1366 1484 1445 de
1509 1368 1681 1447 Helffen-

288 1468 410 1559 stain,
445 1465 667 1543 Eberhardo
700 1466 748 1543 de
776 1465 993 1567 Kirchberg
1020 1462 1224 1544 comitibus
1259 1462 1484 1567 Cererisque
1521 1462 1680 1543 ducibus

288 1564 578 1641 Marchionibns
611 1565 840 1666 landgrauiis
867 1562 1072 1645 comitibus
1104 1566 1312 1643 Beronibus
1345 1564 1563 1643 Domiccllis
1584 1568 1680 1641 mili·

288 1666 392 1743 tibns
419 1680 457 1741 et
481 1665 688 1764 nobilibus,
723 1688 866 1743 necnon
892 1668 1074 1743 curiarum
1100 1680 1168 1743 tom
1193 1664 1433 1767 spiritualium
1460 1690 1564 1767 quam
1589 1678 1680 1742 tem-

288 1766 471 1866 poralium
503 1776 680 1843 terrarum
715 1761 909 1863 ciuitatum
942 1762 1157 1869 oppidorum
1193 1764 1362 1843 villarum
1376 1818 1381 1825 -
1395 1776 1597 1843 castrorum
1633 1789 1680 1842 ac

290 1867 571 1941 uniuersitatum
603 1876 641 1941 et
666 1868 857 1964 presertim
882 1864 1182 1966 Maguntinensis
1210 1860 1516 1943 constanciensis
1539 1864 1680 1941 Herbi-

288 1966 460 2066 polensis
504 1962 760 2065 Eystcttensis
803 1963 1085 2068 Ratisponensis
1138 1963 1346 2067 Spiriensis
1391 1964 1679 2043 wormacensis

288 2066 583 2163 Argentinensis
598 2074 637 2139 et
655 2064 879 2139 Basiliensis
900 2068 1100 2163 ciuitatum,
1116 2088 1257 2143 necnon
1275 2061 1488 2167 oppidorum
1505 2064 1680 2141 Franck-

288 2163 483 2240 iordensis
523 2162 768 2240 birfordensis
810 2162 1149 2265 Heidelbergensis
1189 2164 1437 2243 veneciarum
1478 2162 1679 2241 vienensis

290 2264 484 2339 Vlmcnsis
516 2262 618 2339 Mem
697 2265 801 2341 ensis
830 2259 1140 2367 campidonensis
1173 2264 1354 2341 Burensis
1387 2262 1678 2363 Nordlingeusis

293 2362 523 2439 Werdensis
548 2360 681 2439 Nuren
708 2364 881 2462 argensis
915 2374 952 2440 et
976 2363 1218 2440 Monacensis
1253 2375 1291 2439 et
1316 2366 1480 2441 locorum
1506 2388 1678 2463 quorum-

298 2485 437 2563 cunque
461 2462 688 2539 Justiciariis
720 2462 921 2546 Judicibus
952 2460 1177 2540 officialibus
1209 2462 1373 2539 Vicariis
1408 2462 1591 2561 magistris
1625 2465 1678 2537 ci·

302 2564 394 2636 nium
423 2561 617 2639 aduocatis
655 2558 871 2664 capitaneis
911 2560 1096 2639 Scultetis
1136 2560 1425 2637 proconsulibus
1462 2560 1679 2637 consulibus

301 2656 467 2739 Scabiuis
492 2656 653 2740 ciuibus
678 2661 876 2764 oppidanis
901 2661 1043 2738 Incolis
1068 2661 1319 2737 somniantibus
1345 2656 1492 2739 Scribis
1518 2667 1556 2735 et
1579 2660 1678 2737 Pre-

299 2762 446 2837 conibns
469 2785 540 2865 per
564 2762 775 2863 prouincias
792 2756 975 2840 ciuitates
1001 2773 1039 2837 et
1059 2758 1235 2839 dioceses
1256 2756 1489 2864 supradictas
1511 2783 1556 2835 ac
1582 2758 1677 2837 alios
1820 2798 1822 2801 v

293 2860 444 2939 rbilibet
469 2863 676 2937 constitutis
701 2875 737 2939 et
752 2864 945 2962 presertim
964 2860 1176 2941 reuerendo
1222 2864 1290 2937 atri
1309 2860 1453 2937 domino
1469 2859 1677 2936 Frederioo

287 2958 483 3062 Episcopo
520 2959 604 3036 olim
643 2962 780 3037 Abbati
814 2964 1022 3039 monasterii
1063 2887 1332 3038 Saxardicnsis
1376 2956 1515 3037 ordinis
1561 2962 1678 3037 sancti

283 3060 487 3135 Benedicti
513 3060 685 3159 Quinque
711 3060 957 3137 ecclcsiensis
984 3060 1151 3139 diocesis
1176 3060 1219 3136 ln
1242 3060 1360 3137 literis
1383 3058 1600 3163 apostolicis
1628 3058 1677 3134 de

308 3161 424 3236 uibus
450 3159 545 3235 iutra
568 3160 607 3233 fit
632 3162 764 3237 mentio
790 3162 1042 3264 principaliter
1068 3162 1266 3253 nominato,
1305 3183 1350 3236 ac
1386 3160 1568 3257 religioso
1592 3161 1676 3235 viro

278 3185 476 3360 dtagtstm
494 3259 682 3337 Narcisoo
708 3258 885 3337 monacho
908 3260 1081 3363 professo
1101 3260 1311 3337 monasterii
1329 3270 1537 3336 sanctorum
1552 3252 1676 3333 Vdal-

277 3362 353 3436 rici
379 3369 418 3435 et
439 3359 547 3434 Alite
571 3360 830 3459 Augustensis
854 3358 943 3435 dicti
966 3359 1128 3449 ordinis,
1164 3356 1333 3435 0sualdo
1361 3357 1409 3435 do
1435 3380 1514 3431 men
1544 3354 1675 3451 ensurt,
1727 3446 1732 3460 Ι

275 3458 323 3533 N
326 3459 452 3535 icolao
502 3460 594 3534 liser
612 3470 758 3535 asserto
777 3461 954 3539 canonico
975 3462 1093 3536 sancti
1109 3456 1504 3535 MauriciiWilhelmo
1558 3456 1676 3533 acken
1728 3465 1732 3475 “

272 3556 510 3635 Eberharo
548 3556 651 3633 Brun
685 3556 784 3635 dicto
825 3557 951 3634 Enser
983 3556 1212 3659 marquardo
1244 3552 1497 3647 Ksltschmid,
1538 3554 1675 3633 Jomnt

273 3656 424 3733 medici
461 3660 618 3735 assertis
647 3659 799 3735 vicariis
839 3658 1005 3735 ecclesie
1037 3659 1295 3758 Augustensis
1333 3656 1431 3734 dicto
1473 3653 1675 3733 Wideman

273 3758 454 3834 altariste
491 3754 592 3858 apud
632 3770 795 3833 sanctum
832 3757 1031 3835 Nicolaum
1076 3760 1352 3859 Angustensem
1391 3752 1555 3833 Nicolao
1597 3754 1676 3833 Sur
1764 3774 1770 3796 ·

305 3856 520 3950 retensot‘il
547 3856 705 3957 plebano
727 3856 1074 3953 InWeissenborn,
1098 3858 1232 3935 Joanni
1252 3854 1405 3933 Wcltlin
1432 3856 1540 3933 dicto¹
1553 3854 1677 3959 poller

274 3884 325 4033 du
359 3957 490 4048 Vina,
526 3958 622 4035 dicto
657 3954 826 4055 Ziegler'
844 3957 893 4033 de
918 3956 1133 4058 Meningen
1167 3954 1311 4033 cuidam
1344 3968 1489 4035 asserto
1517 3956 1675 4059 plebano

276 4058 327 4133 ln
373 4053 597 4133 Gersboticn
636 4065 676 4132 et
705 4057 840 4132 Jonnni
876 4057 1109 4161 Kesselring
1141 4059 1330 4161 pratensis
1363 4056 1475 4158 presb
1505 4058 1595 4135 teris
1626 4052 1676 4131 ad

275 4178 448 4257 presens
472 4154 516 4231 In
542 4154 642 4231 dicta
668 4157 817 4233 ciuitate
841 4157 1078 4259 Augustensi
1103 4172 1145 4235 vt
1170 4151 1304 4235 dicitur
1324 4082 1558 4250 morantidus,
1584 4178 1695 4267 necffi

212 4292 218 4299 ⁸
298 4307 369 4349 lion·
384 4302 450 4349 lois.
468 4304 520 4349 vm
536 4303 639 4349 mm
650 4316 691 4346 m
705 4300 851 4346 collectionis
866 4315 939 4346 novae
954 4302 1007 4347 vlt.
1026 4303 1110 4348 Pani.
1297 4284 1361 4365 30
