4209 5034
436 523 539 627 220
1011 533 1280 640 Monnmonto

1133 705 1137 714 ι

436 769 589 862 iacere,
627 790 699 846 nec
735 790 805 845 non
847 775 884 843 et
916 765 1064 845 laudum
1120 791 1163 845 er
1197 791 1267 845 uos
1301 765 1493 847 ferendum
1527 767 1735 872 approbare
1773 778 1814 848 et

436 877 636 972 acceptare
661 869 798 970 possit,
838 865 901 942 uel
938 795 1138 945 concortIe
1172 869 1207 944 si
1232 891 1336 970 quam
1360 869 1456 946 inter
1478 892 1551 946 ros
1573 881 1611 947 et
1659 868 1815 948 romu

436 971 719 1048 communitatem
745 988 859 1068 super
881 965 1061 1067 predictis
1093 968 1162 1057 nel·
1181 969 1311 1068 aliquo
1337 990 1463 1045 eorum
1487 895 1714 1047 conciutIere
1738 964 1815 1046 deo

435 1081 587 1148 auctore
620 1069 817 1171 poterimus
850 1069 1059 1143 vonsentire
1090 1067 1223 1144 ualeat.
1260 1065 1387 1169 Super
1417 1091 1534 1146 causa
1564 1091 1657 1145 nero
1687 1071 1816 1146 satuti

435 1169 611 1268 predicti,
644 1166 872 1244 Indemnitati
912 1177 1043 1245 nesure,
1073 1165 1265 1269 etbonori
1286 1166 1488 1269 prouidere
1512 1169 1737 1253 curabimus,
1774 1175 1815 1244 et

433 1269 532 1345 illam
556 1266 706 1346 Indicio
731 1277 792 1342 ant
817 1265 1015 1343 eoncordia
1040 1267 1210 1366 imprimis
1234 1267 1515 1344 terminabimus.
1539 1266 1584 1343 Iu
1609 1268 1694 1344 aliis
1718 1289 1813 1358 noro

436 1368 560 1445 causis
592 1369 626 1444 si
659 1365 865 1444 huiusmodi
901 1370 1198 1466 compromissum
1223 1365 1305 1459 fiat,
1334 1364 1484 1444 Justitia
1516 1369 1579 1444 nel
1611 1365 1815 1445 concordia

328 1559 332 1562 ,
434 1467 615 1544 mediante
641 1467 722 1542 sine
746 1477 863 1542 tamen
890 1461 1062 1542 Cesarea
1086 1461 1296 1553 Maiestatis
1319 1465 1513 1566 ipsiusque
1532 1465 1812 1543 Jurisdictionis

434 1561 640 1670 preIndicio
677 1565 877 1666 prouidere
910 1565 1126 1641 curabimus.
1164 1561 1332 1664 Iliasque
1363 1564 1435 1641 fine
1449 1665 1452 1668 ἢ
1466 1562 1611 1660 debito,
1647 1563 1813 1666 partibus

434 1666 664 1743 sufficienter
696 1664 777 1742 binc
806 1663 901 1740 Inde
930 1664 1068 1740 'auditis
1095 1673 1133 1739 et
1157 1668 1281 1741 causis
1312 1666 1500 1741 instructis
1530 1667 1813 1741 terminabimus.

372 1761 375 1767 ’
434 1765 486 1842 ldt
511 1767 545 1842 si
571 1765 608 1840 id
634 1775 673 1839 ut
697 1787 888 1864 speramus
918 1763 1047 1841 facere
1081 1764 1379 1863 procuraueritis,
1412 1787 1488 1839 rem
1513 1765 1599 1842 Deo
1623 1774 1813 1866 acceptam

435 1875 472 1942 et
497 1865 604 1943 robis
629 1865 843 1958 condignam
869 1886 912 1937 ac
927 1863 1033 1939 nobis
1055 1862 1290 1940 uehementer
1305 1874 1443 1960 gratum
1459 1862 1627 1958 facietis,
1651 1863 1814 1964 Nosque

410 1965 543 2040 -robis
569 1985 695 2040 omnes
719 1963 869 2038 sonores
895 1958 1041 2038 debitos
1074 1971 1241 2060 prestare
1276 1985 1347 2038 nou
1371 1964 1614 2043 cessabimus.
1656 1963 1707 2042 Et
1732 1988 1813 2040 cum

435 2073 560 2138 nostre
586 2063 715 2138 mentis
749 2073 785 2138 et
818 2059 1031 2137 Intentionis
1064 2064 1132 2152 sit,
1169 2083 1216 2136 ue
1249 2083 1365 2137 causo
1389 2062 1555 2163 predicta
1577 2086 1695 2165 snper
1719 2086 1812 2140 oon-

434 2161 633 2242 tirmotione
660 2171 721 2236 aut
745 2159 997 2236 informatione
1023 2160 1158 2255 statuti!
1171 2157 1341 2261 predicti,
1367 2183 1439 2259 que
1463 2164 1651 2239 innostro
1677 2164 1813 2264 palatio

435 2261 639 2362 apostolico
676 2283 797 2340 coram
837 2257 1044 2336 venerabili
1083 2259 1199 2336 fratre
1238 2258 1385 2336 Joanne
1422 2261 1585 2338 Antonio
1620 2262 1814 2365 Episcopo

435 2360 693 2438 Alexandrino
718 2361 828 2434 vuius
854 2381 905 2434 ex
929 2357 1156 2437 auditoribus
1181 2369 1218 2434 et
1243 2357 1301 2436 Ca
1350 2357 1459 2436 lionis
1484 2363 1619 2438 nostris
1645 2359 1815 2440 eiusdem

433 2461 556 2564 palatii
581 2459 908 2538 locumtenentibus
935 2456 1072 2557 pendet
1093 2457 1260 2544 indecisa
1318 2459 1429 2534 iutius
1461 2461 1498 2534 in
1529 2485 1715 2564 suspenso
1751 2485 1815 2539 re·

391 2647 397 2653 ,
435 2569 594 2654 maneat,
631 2558 728 2654 illam
760 2559 833 2634 fine
860 2555 972 2632 dibito
998 2559 1191 2647 terminari,
1218 2553 1385 2634 volumus
1409 2560 1626 2656 quod-inira
1649 2584 1814 2639 mensem

435 2686 459 2742 a
494 2660 568 2735 Die
596 2657 692 2740 Dato
725 2658 947 2759 presentium
980 2655 1273 2764 compntandum,
1307 2669 1579 2758 procuratorem
1611 2660 1815 2762 predictum

436 2759 676 2850 constituatis,
703 2770 739 2832 et
764 2756 812 2830 de
839 2753 1042 2831 huiusmodi
1069 2758 1317 2870 procuratoris
1341 2760 1597 2835 constitutione
1622 2773 1659 2838 et
1680 2763 1814 2838 rotans

436 2869 528 2940 tate,
563 2860 699 2934 vestris
732 2878 801 2930 nos
834 2854 966 2929 litteris
992 2867 1173 2930 certiores
1198 2855 1326 2935 facere
1352 2860 1501 2933 curetis.
1539 2858 1670 2936 Datum
1695 2862 1813 2938 Rome

436 2956 535 3054 apud
559 2967 722 3029 sanctum
742 2954 888 3027 Petrum
913 2952 983 3026 sub
1009 2954 1141 3028 annulo
1160 2953 1443 3031 Piscatorisdic
1462 2955 1598 3034 XXIII
1616 2961 1813 3039 Februarii

439 3049 871 3132 MOCOCLXXXVIII
895 3049 1133 3128 Pontificatus
1158 3055 1271 3128 nostri
1298 3077 1389 3129 antro
1414 3068 1552 3154 quarto.
