4209 5034
706 545 975 656 episcopatus
1003 541 1260 660 Aqmtani,
1585 545 1688 640 828

306 771 589 956 'h'pfflrsetlendu
613 775 793 880 prelibato
819 770 964 854 domino
978 762 1171 878 llpiscopo
1193 752 1686 885 'locumtenenteflurrogato

305 878 316 898 ‘
343 877 351 896 '
470 879 508 954 in
538 879 628 956 loco*
652 901 722 956 suo
753 877 864 956 solito
894 901 961 979 pro
986 877 1159 954 tribunali
1182 871 1324 954 sedens
1348 876 1449 954 iacto
1474 880 1625 959 realiter
1648 892 1688 960 et

305 975 345 1052 in
387 976 538 1078 scriptis
579 981 807 1079 presentant
846 973 1088 1078 quodquidem
1126 975 1328 1054 mandatum
1369 973 1474 1064 ldem
1519 973 1690 1058 dominae

305 1071 793 1198 Episeppuslocnmtenens
805 1071 1036 1177 Surrogatss
1061 1097 1141 1198 cnm
1164 1100 1213 1171 ea
1234 1102 1307 1196 pua
1322 1075 1448 1154 decuit
1462 1081 1687 1198 renerencia

307 1175 781 1355 libbirhbiimiiblli
800 1173 1687 1376 lttlllrlllslttt'bltlltlblllt
1815 1216 1821 1228 ’

97 1371 98 1382 '
167 1381 171 1394 '
307 1393 358 1450 ex
389 1375 616 1454 auditoribus
648 1377 747 1453 sacri
780 1375 904 1477 palatii
935 1375 1049 1456 nostri
1086 1375 1412 1452 locumtenentibus
1445 1387 1622 1474 quatenus
1646 1379 1685 1453 in

228 1563 238 1574 .
308 1475 432 1550 musis
457 1497 578 1551 corsm
603 1487 640 1552 te
665 1473 910 1578 pendentibus
926 1475 1022 1550 inter
1039 1469 1251 1576 Capitulum
1270 1487 1308 1550 et
1324 1470 1539 1551 canonicos
1556 1475 1685 1555 eccle·

306 1573 366 1648 sie
396 1573 652 1674 Angustensis
685 1585 789 1675 parte
824 1597 896 1648 vna
928 1584 966 1650 et
999 1573 1156 1649 dilectos
1193 1573 1288 1650 lilios
1303 1569 1510 1650 Consules
1535 1583 1573 1650 et
1596 1599 1685 1678 pro·

307 1673 485 1749 consules
510 1697 581 1751 seu
598 1671 804 1774 Magistros
816 1673 948 1749 ciuium
973 1681 1011 1748 et
1028 1674 1312 1750 communitatem
1328 1669 1499 1749 Ciuitatis
1517 1674 1686 1774 August·

308 1771 411 1848 ensis
437 1782 540 1874 parte
565 1774 682 1850 altera
711 1793 832 1870 nsque
864 1771 911 1845 ad
944 1781 1104 1848 nostrum
1126 1771 1406 1872 beneplacitum
1429 1772 1685 1872 supersedeas

306 1875 345 1946 et
360 1870 600 1972 supersederi
619 1872 739 1949 iacias
757 1872 793 1944 in
807 1871 1023 1946 contrarium
1037 1869 1259 1947 iacientibus
1273 1892 1344 1944 non
1359 1871 1585 1946 obstantibus
1601 1874 1684 1971 qni-
1724 1868 1735 1883 ⁸

305 1967 520 2070 buscunque
546 1969 791 2048 decernentes
816 1967 958 2046 lrritum
992 1980 1030 2045 et
1052 1968 1168 2046 lnane
1192 1981 1262 2045 etc
1293 1967 1338 2043 ln
1362 1969 1435 2045 line
1459 1991 1552 2046 vero
1577 1973 1682 2046 eius·
1745 2035 1751 2044 .
1812 1986 1815 1992 ’

307 2065 390 2144 dem
421 2066 576 2148 ma'ndati
610 2071 685 2148 scri
712 2081 749 2146 ta
780 2083 884 2144 erant
917 2064 967 2146 de
998 2068 1154 2145 alterius
1185 2082 1312 2144 manns
1344 2068 1467 2144 littera
1498 2071 1682 2172 superiori

305 2163 427 2244 littere
450 2171 569 2270 ipsius
592 2095 747 2249 mundati
772 2170 920 2272 penitus
943 2178 982 2246 et
1006 2170 1149 2246 omino
1173 2165 1343 2254 dissimili
1371 2179 1410 2246 et
1433 2164 1588 2246 diuersa
1610 2167 1684 2246 bec

306 2267 423 2346 rerba
447 2264 624 2348 videlicet
652 2268 780 2372 placet
821 2268 941 2344 etita
983 2265 1195 2344 mandamus
1233 2265 1361 2368 Super
1451 2267 1535 2344 ibus
1574 2271 1686 2345 omni-

306 2365 398 2444 bus·
422 2380 459 2446 et
499 2367 659 2466 singulis
701 2363 804 2444 Idem
847 2365 1022 2464 magister
1061 2365 1238 2442 Andreas
1281 2388 1357 2440 von
1422 2388 1465 2440 er
1509 2365 1683 2464 clingeen

307 2477 520 2566 procurator
544 2470 615 2544 sibi
641 2493 665 2543 a
690 2488 746 2542 me
769 2463 926 2541 Notarin
951 2463 1188 2566 infrascripto
1211 2487 1319 2538 vnum
1344 2463 1407 2538 rel
1432 2463 1538 2564 plura
1563 2464 1686 2566 publi·
1818 2543 1821 2548 ,

307 2587 390 2642 cum
422 2589 492 2644 seu
524 2567 673 2668 publica
705 2565 786 2646 lieri
845 2565 922 2640 etiit
952 2565 1224 2639 instrumentum
1245 2572 1295 2680 'et
1325 2563 1562 2680 instrumenta
1580 2564 1686 2672 ‘Acta

307 2661 1051 2868 {tellitlttttttnittttt
1064 2661 1686 2863 ltttltttlttttltll

304 2873 454 2954 tenente
480 2863 686 2964 Surmgato
703 2862 805 2940 Inibi
830 2884 936 2940 mane
958 2861 1050 2938 bora
1074 2857 1270 2938 audiencia
1287 2882 1479 2947 causarum
1505 2871 1687 2938 consueta

305 2957 356 3040 sd
378 2964 461 3041 iura
486 2963 715 3040 reddendum
748 2975 785 3039 et
810 2983 946 3038 caum
970 2958 1190 3053 audiendum
1221 2983 1290 3062 pro
1321 2960 1492 3036 tribunali
1524 2960 1683 3039 sedente

223 3096 228 3108 “
306 3059 388 3143 Sub
412 3066 522 3140 Anno
547 3059 753 3141 Indictinne
778 3060 840 3138 die
865 3083 991 3159 mense
1017 3073 1056 3138 et
1078 3059 1289 3163 pontificatu
1312 3059 1445 3160 quibus
1465 3082 1581 3164 snpra
1618 3083 1684 3137 re·

97 3163 99 3176 ’
305 3163 473 3240 sentibus
497 3163 631 3240 ibidem
656 3161 829 3240 discretis
853 3161 948 3236 viris
971 3155 1164 3260 Magistris
1187 3159 1358 3236 Jobanue
1381 3157 1489 3234 Nilio
1513 3169 1552 3234 et
1611 3159 1684 3237 nil·
1795 3215 1809 3233 „

305 3261 420 3339 lermo
459 3263 628 3341 lamberti
666 3261 817 3338 notariis
857 3260 1016 3360 publicis
1053 3259 1216 3358 dictique
1254 3254 1388 3333 domini
1423 3255 1605 3358 Episcbpi
1644 3267 1686 3362 et

305 3361 582 3439 locumtenentis
606 3362 801 3461 Samogati
825 3381 947 3436 coram
976 3381 1023 3436 eo
1047 3355 1195 3436 Scribis
1220 3357 1371 3434 clericis
1396 3353 1688 3434 Cameracensis
1813 3386 1815 3395 ·

302 3458 604 3660 zwbedonpprsis
629 3462 830 3538 diosesium
853 3456 1081 3538 testibusad
1106 3455 1288 3560 premissa
1302 3457 1447 3534 vocatis
1467 3454 1684 3558 specialiter

390 3583 507 3662 erog
545 3586 588 3637 rs.
1399 3601 1407 3614 ·

406 3757 456 3834 m
488 3781 560 3858 ego
592 3756 733 3834 Paulus
772 3755 819 3832 aa
852 3751 1009 3832 cantus
1046 3753 1208 3832 onosma
1239 3710 1681 3854 strengenensem
1746 3821 1751 3836 ,
1849 3734 1854 3740 ’

208 3921 210 3924 .
305 3858 511 3960 apostolica
543 3871 581 3934 et
613 3855 793 3960 imperiali
815 3857 1032 3932 anotomtate
1052 3853 1233 3930 Notarius
1255 3849 1543 3952 Reuerendique
1565 3851 1687 3955 patris

97 3977 98 3986 ¹
242 4016 252 4030 .
308 3957 439 4034 domini
471 3957 649 4060 Episcopi
682 3951 1020 4032 Alexandrinensis
1059 3951 1239 4030 audboris
1277 3952 1555 4027 locumtenentis
1589 3952 1681 4028 snb·

306 4059 424 4152 rogati
451 4079 570 4133 coram
596 4079 643 4132 eu
668 4053 807 4134 Scriba
829 4056 926 4148 Quia
949 4051 1127 4156 predictis
1152 4054 1319 4129 omuibus
1349 4062 1389 4128 e't
1417 4051 1574 4150 singnbs
1596 4049 1681 4126 dum

306 4159 363 4235 sic
386 4166 427 4234 ut
451 4158 663 4260 premittitur
686 4154 818 4233 tierent
837 4165 878 4233 et
899 4154 1098 4255 ageiemur
1121 4175 1274 4271 rnacpm
1290 4153 1550 4254 prenominatis
1574 4152 1690 4278 testi--
