4209 5034
494 538 597 630 336
1052 539 1323 627 Monumenta

493 771 677 894 ydoneam
702 793 753 846 ex
778 767 921 847 eisdem
946 765 1120 872 capitulo
1145 771 1286 870 absque
1310 768 1470 846 alienius
1491 766 1787 847 ‘contradictione
1807 772 1864 848 rel

494 871 750 974 impedimento
765 871 907 969 eligere
932 883 1087 971 possent
1105 882 1143 946 et
1168 871 1348 946 deberent
1373 881 1412 944 et
1429 865 1582 968 quilibet
1595 870 1632 940 in
1648 870 1866 988 Prcpositnn

495 975 555 1051 sic
580 993 646 1074 pro
670 983 833 1072 temporo
860 971 1004 1045 clectus
1028 970 1124 1048 inira
1138 970 1240 1044 'l'res
1252 968 1411 1045 Menses
1434 989 1460 1042 a
1483 962 1546 1042 die
1561 968 1759 1044 electionis
1777 993 1867 1046 com-

495 1069 1081 1249 tiltlltliilliitilii
1104 1068 1869 1272 ittmctttilliubt'iltttzl

496 1271 649 1348 soluere
673 1279 862 1344 teneretur
887 1264 1138 1368 deberentque
1162 1276 1287 1368 partes
1310 1270 1395 1368 ipse
1419 1261 1520 1366 apud
1541 1289 1611 1340 nos
1635 1266 1700 1343 nel
1726 1267 1871 1344 cauden

496 1369 626 1447 sedern
642 1366 765 1444 humili
789 1367 1070 1468 supplicacione
1088 1371 1226 1444 instare
1251 1378 1290 1440 nt
1314 1367 1353 1440 id
1372 1368 1589 1449 auctoritaie
1615 1367 1784 1467 predicta
1802 1378 1871 1443 sta-

495 1481 602 1546 tuere
628 1481 666 1543 ci
690 1466 861 1545 ordinare
889 1467 1123 1566 dignaremur
1147 1464 1319 1566 quodque
1351 1468 1472 1552 omnia
1494 1475 1533 1542 et
1557 1465 1706 1564 singula
1737 1465 1870 1542 indotos

498 1567 667 1644 redditus
692 1578 893 1670 prouentus
917 1567 1159 1644 emolumenta
1170 1567 1412 1666 Propositure
1434 1565 1555 1662 abeo
1566 1575 1750 1666 perpetuo
1768 1589 1871 1667 sepa·

496 1677 666 1744 rarenter
690 1680 725 1743 et
751 1666 1072 1742 dimembrarentur
1095 1689 1141 1743 ac
1166 1665 1304 1740 Mense
1329 1659 1537 1765 capitulari
1567 1664 1690 1741 dictas
1717 1666 1874 1742 ecclesie

497 1775 679 1869 perpetuo
701 1767 972 1866 applicarentur
986 1765 1044 1840 lta
1068 1765 1166 1865 quod
1188 1763 1364 1839 lllatbeus
1390 1777 1427 1839 ct
1450 1785 1701 1840 successores
1728 1765 1875 1866 predicti

378 1885 384 1890 ·
500 1864 551 1940 de
569 1865 644 1940 illis
659 1887 704 1940 se
719 1876 847 1941 contra
860 1877 1020 1940 tenorem
1037 1864 1239 1939 concordie
1263 1865 1503 1938 intromittere
1527 1887 1705 1964 nunqnam
1731 1876 1876 1966 possent

498 1973 781 2062 lenerentnrqne
805 1961 982 2038 Decanns
1015 1973 1052 2037 et
1075 1959 1283 2062 Capitulum
1315 1961 1448 2060 prefati
1471 1985 1522 2038 ex
1546 1962 1651 2038 boum
1675 1962 1875 2039 huiusmodi

402 2073 405 2080 “
498 2061 651 2138 cuilibet
687 2084 739 2136 ex
762 2060 916 2136 Matheo
950 2073 987 2138 ct
1018 2062 1304 2137 successoribus
1336 2061 1516 2160 predictis
1569 2061 1719 2136 cumdio
1753 2063 1876 2139 dictan

437 2184 442 2190 ·
500 2161 776 2262 Proposituranr
802 2161 994 2236 obtinuerit
1019 2165 1055 2235 in
1072 2161 1235 2236 terminis
1259 2183 1330 2236 seu
1347 2162 1498 2235 termino
1522 2083 1571 2234 a}
1589 2160 1630 2234 id
1654 2159 1705 2235 de
1729 2165 1876 2262 perduro
1973 2194 1974 2201 ι

499 2281 687 2336 consensu
711 2259 918 2336 statuendis
942 2261 1006 2335 uel
1030 2259 1225 2335 statuendo
1250 2261 1372 2334 Arinis
1396 2258 1557 2358 siugulis
1582 2256 1877 2361 Quadringentos

498 2359 688 2436 Florenos
719 2363 797 2436 anri
816 2359 1013 2435 Rensuses
1039 2369 1077 2435 ct
1102 2358 1197 2434 nltrn
1215 2359 1302 2434 illos
1327 2356 1493 2458 predicto
1526 2357 1679 2434 lllatbeo
1714 2361 1877 2461 quadiu
1973 2422 1974 2425 a

497 2461 536 2535 in
562 2469 661 2535 statu
693 2459 949 2534 ecclesiastico
980 2461 1221 2560 permanserit
1254 2453 1429 2534 duntaxat
1460 2459 1556 2534 alios
1581 2455 1877 2562 Quadringentos

502 2558 689 2635 lilorenos
714 2559 855 2636 similes
880 2557 943 2633 nel
976 2582 1102 2634 eorum
1138 2581 1265 2634 nerum
1289 2558 1450 2634 calorem
1476 2570 1514 2632 et
1544 2559 1577 2631 si
1614 2558 1742 2636 mallet
1770 2561 1877 2636 Vna·

499 2659 538 2733 in
561 2660 722 2758 pecnnia
755 2670 940 2734 numerata
976 2669 1013 2733 et
1049 2659 1156 2733 aliam
1190 2655 1407 2732 medietates
1440 2655 1615 2732 dictorum
1640 2660 1876 2758 posteriorum

502 2755 857 2854 Quadringentorum
881 2757 1124 2834 Florcnornm
1157 2758 1194 2830 in
1228 2779 1342 2854 grano
1374 2759 1569 2830 Annuntim
1599 2761 1825 2857 persoluere
1845 2773 1877 2833 et

501 2856 710 3030 :iiiiii
723 2854 1876 3034 litttllltlutttl¹iiiitilttlitiiltl¹⁰ti

501 3051 648 3128 Decani
674 3063 711 3126 et
734 2980 899 3153 lijlrtpituli
942 2977 1166 3136 ‘iodictorum
1191 2981 1356 3130 manissns
1380 3064 1443 3130 aot
1465 3054 1606 3153 absque
1630 2982 1876 3133 eornngcitn

502 3161 542 3228 ei
565 3149 751 3228 uoluntate
776 3173 822 3227 ac
848 3152 884 3224 in
917 3077 1083 3226 finitorem
1112 3149 1267 3228 alterius
1300 3178 1404 3253 quarn
1437 3175 1599 3253 persone
1632 3177 1683 3231 ox
1709 3154 1770 3233 Ca
1796 3155 1876 3233 ilnlo

501 3245 710 3326 huiusmodi
741 3272 919 3349 nunqnam
954 3251 1159 3345 resignaret
1189 3251 1349 3329 Necnon
1380 3274 1489 3327 vnum
1522 3251 1742 3332 Mantellunr
1769 3181 1876 3334 Eburi

501 3361 744 3452 nuncupatum
768 3351 871 3425 iuxta
897 3350 1200 3427 cousuetudinem
1221 3351 1320 3428 dicte
1344 3351 1511 3428 ecclesie
1525 3349 1748 3454 Clausaque
1759 3353 1876 3432 llari

504 3460 542 3528 el
565 3448 726 3548 sigillum
744 3445 907 3550 Capituli
932 3447 1138 3525 huiusmodi
1163 3447 1305 3527 eisdem
1321 3447 1382 3528 Ca
1406 3451 1496 3526 itulo
1520 3451 1671 3530 tradere
1695 3467 1736 3530 et
1759 3456 1876 3552 assig-

501 3571 594 3625 nare
616 3571 663 3622 ac
688 3547 764 3623 Vni
789 3571 837 3623 ex
852 3544 1053 3624 (laconicis
1069 3546 1340 3650 capitularibus
1394 3555 1468 3626 icte
1492 3553 1659 3628 ecclesie
1681 3558 1793 3632 etiam
1814 3574 1877 3654 pro

501 3657 665 3749 tempore
705 3647 950 3723 existentibus
983 3661 1021 3723 ut
1047 3645 1192 3726 Claues
1228 3662 1265 3726 et
1298 3649 1468 3746 Sigillum
1497 3648 1707 3728 huiusmodi
1741 3657 1876 3730 nomine

422 3780 427 3790 ¹
503 3741 594 3824 dicti
619 3747 806 3846 Prepositi
839 3758 981 3824 teneret
1008 3759 1051 3823 et
1085 3750 1162 3825 illis
1193 3761 1358 3826 uteretur
1389 3751 1613 3829 committere
1645 3752 1804 3834 deberet
1824 3752 1876 3827 sic

215 3855 223 3864 “
336 3887 338 3892 ,
502 3853 622 3922 lemen
649 3843 747 3943 quod
772 3837 883 3922 interi
908 3858 991 3949 post
1015 3848 1170 3933 eundem
1195 3848 1385 3926 blatbeum
1416 3853 1484 3952 p'ro
1507 3861 1672 3953 tempore
1694 3849 1876 3951 Propositi

501 3945 541 4018 in
566 3939 696 4019 eadem
721 3945 886 4021 eeclesia
917 3950 1163 4049 personaliter
1193 3948 1404 4043 residentes
1428 3947 1573 4027 Clanes
1605 3953 1710 4052 ipsas
1742 3949 1876 4027 babere
1969 3953 1970 4009 ἕ

503 4052 542 4118 et
566 4043 624 4118 eis
648 4045 751 4120 iuxta
774 4057 908 4121 statuta
932 4059 970 4123 et
994 4047 1283 4129 consuetudines
1308 4045 1410 4127 dicte
1433 4049 1601 4126 ecclesie
1628 4054 1678 4126 uti
1702 4049 1875 4126 deberent
1968 4058 1969 4073 ¹

502 4139 665 4222 Necnon
691 4144 789 4244 qnod
812 4143 990 4224 Mathone
1016 4149 1141 4226 etalii
1163 4149 1351 4250 Propositi
1372 4174 1443 4253 pro
1475 4159 1640 4251 tempore
1673 4152 1873 4228 existentes
