4209 5034
743 485 1011 684 epiuoopetua
1043 573 1303 690 Augustani
1321 700 1333 717 .‚

725 1224 814 1284 Anno
832 1223 928 1285 lm.
966 1225 1018 1286 ⁸0.
1037 1223 1135 1288 hil.
1174 1225 1346 1304 etnim.

394 1426 548 1512 Petrus
586 1425 715 1532 episc.
756 1421 1064 1532 parrochialem
1101 1382 1320 1512 occisum
1348 1429 1392 1514 in
1420 1426 1668 1518 oncmiort

570 1543 748 1628 vicarlis
791 1541 998 1630 ecclesiae
1026 1544 1273 1659 Augustau.
1305 1542 1483 1632 confert

434 1791 478 1868 ln
504 1793 646 1870 nemine
673 1790 806 1869 domini
831 1815 935 1870 omen
966 1766 1063 1886 Quis
1086 1793 1183 1870 inter
1208 1803 1337 1870 cetera
1360 1805 1487 1870 nostre
1512 1793 1726 1873 solicitudi-
1860 1842 1867 1855 -

217 1927 234 1952 κ
331 1894 391 1970 nis
416 1893 517 1968 circu
543 1914 615 1992 que
640 1891 747 1968 nobis
781 1915 830 1968 ex
865 1887 989 1972 debito
1023 1891 1138 1970 oflicii
1171 1893 1371 1994 pastoralis
1394 1893 1603 1972 ioco-bunt
1626 1890 1724 1970 illud

332 1990 1723 2195 lii”itaritalliliifdildlnllliiliiidie

334 2188 481 2270 Idcirco
514 2215 582 2268 nos
617 2192 755 2270 Petrus
789 2191 851 2268 dei
889 2207 924 2268 et
958 2193 1164 2296 apostolice
1199 2191 1306 2269 sedis
1342 2197 1469 2289 gracie
1504 2192 1721 2376 efflorens
1862 2223 1866 2230 ·

333 2293 590 2392 Augustensis
615 2287 752 2372 Noton
776 2313 867 2368 esee
892 2293 1064 2370 volumus
1116 2293 1324 2370 reaoncinu
1347 2297 1548 2394 inspectori
1639 2296 1724 2370 vui-

333 2395 458 2470 uersis
500 2387 610 2484 Quod
649 2391 884 2468 consideratu
929 2394 1067 2472 multitu
1096 2396 1157 2468 ine
1202 2413 1443 2491 personarunt
1490 2391 1723 2470 vicariorum

332 2489 498 2570 ecclesie
523 2503 648 2568 nostre
674 2493 711 2566 Α
766 2491 928 2567 ostensis
953 2489 1123 2594 predicte
1147 2511 1291 2566 necnon
1317 2503 1355 2566 et
1380 2491 1566 2592 paucitate
1592 2486 1721 2566 reddi·

333 2603 434 2668 tuum
473 2591 520 2668 de
562 2591 693 2692 quibus
763 2591 873 2667 ebeni
912 2603 951 2666 ot
990 2593 1106 2666 minus
1138 2587 1329 2677 commode
1361 2601 1532 2693 poterunt
1560 2611 1727 2694 persone

332 2691 467 2768 cedern
490 2692 690 2768 sustentari
716 2711 761 2768 ae
787 2694 902 2768 eciem
927 2690 1163 2768 diuersorum
1195 2691 1333 2792 pietate
1367 2711 1519 2792 operum
1580 2711 1630 2766 ne
1656 2712 1726 2792 per

332 2791 456 2868 dictus
477 2813 660 2892 personas
684 2792 721 2866 in
747 2793 758 2864 i
786 2815 831 2866 sa
855 2791 1021 2870 ecelesia
1047 2801 1172 2867 nostru
1196 2789 1428 2885 Augustensi
1453 2715 1609 2866 cottidie
1631 2787 1724 2866 liunt

332 2904 373 2969 et
405 2892 580 2968 exerceri
615 2889 762 2967 lundein
779 2893 850 2968 iter
876 2901 1149 2969 consueueruot
1182 2911 1251 2991 pro
1287 2887 1495 2966 huiusmodi
1529 2902 1725 2990 augmento

333 3001 373 3068 et
395 2989 484 3067 eliis
509 2991 581 3092 piis
607 2991 782 3093 operibns
807 2988 1034 3068 exercendis
1059 2988 1289 3092 parrochiam
1315 3003 1353 3066 et
1373 2989 1573 3068 ecclesian
1590 3013 1724 3092 parro-

333 3089 489 3168 oltiulent
514 3093 551 3164 in
579 3084 804 3166 Oberndorll
827 3103 952 3168 nostro
987 3087 1155 3166 diocesis
1180 3100 1369 3174 vocantem
1395 3087 1444 3164 ud
1469 3111 1629 3186 presens
1680 3111 1725 3166 er

91 3279 104 3286 ,
169 3189 174 3196 ’
332 3189 487 3268 liberam
528 3191 821 3289 resignooionear
858 3189 1010 3268 discreti
1041 3191 1111 3264 niri
1137 3185 1328 3264 Joltaunis
1360 3187 1506 3286 hailger
1538 3191 1635 3264 inne
1661 3191 1725 3264 inti

259 3369 267 3376 ,
333 3289 502 3368 eiusden
529 3289 695 3366 ecclesie
713 3291 883 3370 Rectoris
909 3291 1016 3366 cuius
1033 3288 1319 3389 Juspatrooatus
1342 3287 1392 3364 ud
1415 3309 1484 3362 noe
1501 3299 1724 3388 nostrosque

334 3411 583 3466 successores
615 3389 726 3489 pleno
754 3393 843 3488 jore
878 3388 1083 3466 dinoscitur
1124 3389 1310 3488 pertinere
1346 3409 1427 3465 cnm
1462 3385 1649 3463 uniuersis
1684 3399 1723 3462 ct

334 3489 496 3588 singulis
535 3488 716 3566 fructibus
760 3483 964 3566 redditibus
1006 3485 1161 3566 Juribus
1200 3496 1240 3564 et
1277 3486 1566 3562 oonencioninns
1601 3487 1723 3588 ipsius

335 3589 517 3678 ecclesie,
542 3610 767 3688 quwunqoe
793 3591 936 3666 nomine
962 3602 1183 3664 censeantur
1208 3586 1362 3688 prelatis
1377 3587 1531 3662 vicuriia
1553 3583 1723 3662 ecclesie

335 3701 462 3764 nostre
494 3687 747 3786 Augustonsis
775 3687 947 3766 ‚Vnacnn
979 3687 1167 3764 consensu
1198 3685 1459 3762 venerabilium
1495 3686 1531 3759 in
1566 3679 1722 3766 Christo

335 3789 444 3866 nolis
479 3787 693 3867 dilectorum
728 3790 928 3890 prepositi,
965 3782 1098 3864 decani
1129 3796 1168 3863 et
1202 3781 1364 3885 Capituli
1396 3785 1564 3863 ecclesie
1597 3795 1724 3862 nostre

334 3879 506 3989 predicte
531 3887 746 3965 auctoritate
772 3885 970 3965 Ordinatio
1006 3909 1059 3962 ex
1083 3897 1187 3964 certa
1209 3885 1379 3962 sciencia
1401 3885 1725 3986 incorporouinos

334 3989 517 4064 onicinus
543 3999 580 4064 et
605 3987 839 4086 presentibus
861 3987 1144 4090 incorporemus
1161 3986 1304 4061 vuinus
1330 3995 1368 4060 et
1391 3985 1619 4063 surrectiorus
1641 3983 1725 4060 Vn·

332 4085 458 4166 lentes
484 4100 519 4164 et
545 4083 797 4164 concedentes
823 4100 861 4162 ut
885 4089 958 4188 ipsi
984 4088 1114 4163 vicarii
1140 4083 1298 4186 predicti
1323 4097 1362 4160 et
1386 4086 1548 4187 ipsorum
1563 4103 1726 4159 succes·

333 4209 445 4264 sores
469 4188 684 4265 anctoritate
709 4188 859 4290 proprio
883 4187 1048 4264 eiusdem
1074 4184 1318 4288 parrochialis
1338 4185 1506 4262 ecclesie
1521 4185 1560 4258 iu
1576 4179 1726 4259 otern-
