4209 5034
421 561 538 716 ,Ἐξ
692 645 727 672 -„
1026 557 1298 662 monumenta
1401 599 1418 614 ··

454 861 455 864 s
475 794 696 878 contulerint
715 731 791 874 'uon
817 793 902 898 plus
927 803 1058 898 petere
1082 769 1256 898 recipere
1287 794 1351 872 exi
1381 817 1447 873 ere
1481 796 1546 874 nel
1568 753 1730 885 habere,
1754 822 1861 904 qoam

457 921 550 986 sex
580 897 743 976 florenos
775 893 972 998 dapsiliam
1005 907 1043 974 et
1074 896 1249 973 bonorum
1287 897 1324 972 iu
1394 898 1517 974 initate
1624 914 1709 977 usta
1740 916 1778 979 et
1807 903 1860 982 rbi

475 1002 709 1078 communiter
734 997 984 1090 currenoium,
1011 1007 1049 1072 ot
1073 994 1123 1071 (le
1147 997 1251 1088 curia
1268 997 1429 1072 'villicali
1460 1001 1495 1073 iu
1515 999 1744 1078 Bvierbaoh
1769 1003 1861 1080 eolr-

325 1105 328 1112 “
474 1098 634 1177 ferenda
656 1109 735 1174 tres
759 1097 921 1174 florenos
946 1098 1092 1172 tantum
1112 1107 1150 1172 et
1174 1092 1224 1171 tle
1249 1098 1352 1172 curia
1375 1097 1530 1174 villicali
1553 1082 1598 1173 'in
1631 1098 1858 1203 Mardingun

473 1199 639 1300 similiter
665 1191 904 1290 conferenda,
931 1192 1036 1272 coins
1063 1195 1255 1271 dominium
1288 1207 1326 1272 et
1348 1190 1557 1299 proprietas
1581 1221 1628 1276 ac
1652 1195 1860 1280 aduocaola

473 1298 523 1376 atl
555 1319 624 1376 nos
656 1309 693 1375 et
726 1293 935 1402 Capitulum
972 1296 1133 1373 nostrum
1166 1295 1278 1397 pleno
1312 1299 1392 1373 iure
1424 1301 1620 1399 pertinere
1644 1307 1857 1397 noscuntur,

470 1401 590 1478 ceiam
615 1409 694 1476 tres
718 1397 882 1475 llorenos
906 1398 1080 1474 bonorum
1106 1408 1143 1472 et
1167 1394 1361 1500 dapsiliam
1386 1399 1423 1471 in
1449 1410 1606 1498 angusta
1644 1412 1682 1476 et
1714 1403 1773 1478 sic
1804 1397 1857 1480 'dc

436 1499 635 1577 'omnibns
661 1500 776 1576 curiis
800 1497 1050 1591 conferendis,
1076 1499 1248 1603 recipere
1274 1493 1386 1574 debet
1409 1496 1583 1592 florenos,
1609 1496 1669 1598 qui
1695 1523 1763 1602 pro
1789 1503 1857 1579 ho·

472 1601 595 1676 miset
621 1593 864 1702 dapsibilibus
889 1601 926 1673 in
952 1607 1107 1694 augusta
1132 1601 1367 1674 communiter
1398 1598 1659 1698 expenduntur
1691 1612 1728 1675 et
1761 1601 1857 1679 ultra
2014 1632 2015 1655 n

470 1695 663 1802 predictos
687 1699 847 1776 florenos
880 1699 1030 1774 racione
1061 1699 1306 1776 institucionis
1337 1707 1374 1772 et
1408 1698 1622 1774 collacionis
1647 1691 1856 1778 huiusmodi
2014 1720 2016 1767 t

471 1799 524 1875 nil
547 1793 687 1876 debent
709 1793 842 1874 domini
895 1799 1045 1900 repositi
1071 1801 1227 1898 exigere
1243 1805 1407 1898 ¹petere,
1439 1797 1504 1873 uel
1537 1795 1678 1890 habere
1715 1798 1856 1877 directe

469 1897 534 1976 uel
566 1897 751 1975 indirecto
790 1823 891 2000 pubp
1786 2001 1789 2004 Α

470 1999 561 2079 Item
588 2003 774 2100 statuimus
800 2009 882 2092 etc,
907 1998 1003 2100 quod
1029 2021 1157 2074 omues
1180 2020 1340 2074 marores
1374 1996 1518 2073 decime
1542 2001 1648 2074 trium
1673 2000 1854 2075 curiarum

469 2103 755 2200 prescriptorum
790 2108 826 2174 ct
860 2101 899 2174 in
922 2099 1025 2184 villis
1050 2097 1276 2200 specificatis
1300 2099 1497 2198 superius,
1533 2098 1757 2174 situatarum‘
1783 2121 1855 2200 quc

468 2199 606 2374 ppiscis
631 2198 854 2299 temporibus
879 2198 1096 2299 spectabant
1117 2210 1155 2276 et
1179 2197 1406 2299 pertinebant
1432 2193 1482 2270 ati
1506 2206 1583 2272 tres
1606 2198 1732 2274 curias
1748 2209 1852 2276 auto
2010 2225 2016 2275 ι

352 2335 355 2344 ·
508 2305 587 2375 ota's
613 2309 650 2373 et
677 2317 767 2398 ques
793 2298 1018 2398 colligebant
1035 2307 1080 2372 et
1103 2296 1332 2398 recipiebant
1354 2307 1393 2371 et
1411 2297 1666 2394 colligere'et
1679 2296 1854 2400 recipere
2011 2302 2014 2309 ’

380 2386 382 2396 '
467 2405 758 2500 constrauerunt
781 2397 898 2473 villici
925 2400 986 2498 qul
1018 2418 1086 2496 pro
1111 2409 1275 2497 tempore
1307 2397 1478 2473 colebant
1509 2398 1613 2498 ipsas
1639 2397 1770 2475 'corias
1788 2396 1853 2474 ‘de

348 2554 353 2572 .
466 2505 596 2578 cetero
628 2520 675 2574 ac
691 2499 744 2572 in
780 2506 997 2598 perpetuum
1028 2497 1163 2572 suturis
1194 2497 1420 2596 temporibus
1457 2519 1530 2571 non
1561 2507 1733 2597 spectent
1750 2516 1852 2599 ¹'per-

460 2598 602 2676 tineant
626 2619 747 2698 neque
770 2595 909 2672 vadant
938 2595 988 2671 ad
1021 2599 1145 2673 curias
1170 2598 1393 2698 prelibatus,
1432 2618 1502 2670 nec
1535 2598 1757 2698 recipiantur
1786 2595 1853 2674 ucl

434 2721 442 2741 ³
463 2697 686 2798 colligantur
709 2719 779 2798 per
802 2697 964 2795 ipsarum
990 2695 1169 2772 curiarum
1193 2697 1344 2772 villicos
1375 2695 1439 2771 uel
1465 2694 1630 2789 colonos,
1654 2694 1728 2772 ssd
1752 2694 1852 2797 quod
1958 2698 1963 2706 “

454 2795 632 2870 ¹(lominus
656 2794 870 2895 prepositus
888 2789 1086 2870 modernus
1106 2807 1144 2870 et
1162 2799 1278 2871 ceteri
1298 2795 1432 2871 domini
1452 2797 1640 2896 prepositi,
1666 2798 1726 2893 qni
1744 2805 1850 2872 erunt

464 2915 532 2996 pro
557 2893 721 2996 tempore
747 2893 971 2993 etipsorum
995 2892 1179 2972 officiales
1203 2893 1343 2971 habere
1370 2905 1407 2969 et
1427 2895 1599 2995 recipere
1615 2904 1651 2969 et
1666 2893 1850 2996 colligere

879 1902 939 1976 icc
981 1897 1050 1986 uel,
1083 1899 1248 2016 occulte·
1266 1918 1493 1997 quocumque
1533 1893 1677 1998 quesite
1716 1899 1855 1976 coloro.

464 3005 505 3070 et·
526 2993 654 3068 leuare
680 2991 825 3094 possint
856 3003 894 3068 et
924 2991 1084 3069 debeant
1114 2991 1349 3070 medietatem·
1374 2990 1551 3068 dictarum
1582 2994 1754 3069 maiorum
1780 2994 1851 3071 de-
1918 3031 1930 3042 -
2003 3007 2006 3015 '

462 3095 633 3170 cimorum
665 3112 766 3194 -quas
797 3091 880 3166 olim
916 3093 1146 3196 recipiebant
1180 3104 1217 3169 et
1248 3094 1472 3193 colligebant
1507 3088 1684 3168 dictarum
1710 3089 1848 3170 Curia-
1974 3112 2010 3135 ··

463 3216 542 3268 rum
565 3191 683 3268 villici
708 3201 747 3265 ut
770 3189 975 3291 prefertur,
999 3216 1113 3292 quam
1138 3192 1370 3270 medietatem
1395 3189 1529 3268 domini
1553 3195 1748 3294 prepositi,
1784 3195 1847 3292 qui
1898 3274 1905 3284 ,

460 3315 530 3470 pro
553 3302 718 3395 tempore
742 3289 880 3366 inerint
903 3301 1094 3392 antequam
1117 3290 1322 3370 habuerunt
1342 3292 1409 3370 uel
1435 3303 1659 3394 receperunt
1682 3315 1754 3369 seu
1776 3291 1846 3366 lra-
1999 3300 2001 3307 '

304 3407 309 3414 ·
454 3413 553 3467 ω
579 3402 617 3466 et
641 3389 818 3490 recipere
838 3387 1044 3470 debuerunt
1078 3401 1116 3469 ct
1149 3391 1247 3493 quod
1284 3393 1332 3469 de
1371 3401 1497 3470 cetero
1531 3390 1636 3469 tlicta
1666 3389 1846 3470 mediatos
2007 3429 2011 3439 ·

459 3498 637 3591 spectare
661 3488 795 3564 debeat
820 3499 858 3562 et
880 3501 1027 3591 spectet
1061 3492 1111 3569 ad
1134 3493 1241 3596 ipsos
1266 3489 1433 3570 dominos
1457 3515 1526 3594 pre
1552 3494 1670 3570 ositos
1695 3502 1733 3568 et
1756 3513 1846 3593 pre-

460 3590 660 3691 posituram
684 3585 890 3689 prctliutam·
910 3599 948 3666 et
978 3591 1077 3692 quod
1108 3595 1120 3668 i
1169 3614 1226 3670 am
1257 3592 1488 3671 medietatem
1513 3518 1732 3669 feeimarom
1758 3611 1846 3691 pre·

461 3690 677 3789 scriptarum
699 3687 843 3788 possint
865 3688 1095 3768 vendere'et
1144 3691 1326 3772 istraberc
1358 3705 1396 3769 et
1420 3692 1602 3792 colligere
1633 3713 1680 3766 ac
1711 3687 1760 3765 de
1787 3691 1845 3794 eis

325 3871 328 3878 ,
461 3786 661 3889 disponere
712 3811 753 3864 ro
767 3785 870 3865 libito
893 3789 1093 3869 voluntatis
1118 3793 1259 3893 absque
1283 3793 1541 3896 impedimento
1566 3809 1787 3890 quoeunque·
1807 3796 1847 3864 et

483 3882 558 3963 uorl
582 3909 652 3962 nos
676 3811 885 3990 &opitulum
907 3901 1072 3970 nostrum
1097 3904 1134 3968 et
1158 3916 1405 3970 successores
1439 3893 1553 3968 nostri
1584 3890 1734 3963 alteram
1765 3909 1844 3963 ma

485 3989 632 4064 iontem
655 3987 815 4091 ipsarum
848 3985 1072 4068 decimarum
1100 3995 1271 4070 maiorum
1304 3995 1478 4093 superius
1510 3988 1775 4064 declaraturum
1806 3997 1844 4064 et
2005 4040 2010 4052 ·

430 4115 433 4148 ι
460 4087 643 4165 officiales
667 4090 783 4166 nostri
808 4084 973 4192 Capituli
998 4093 1170 4192 recipere
1195 4089 1335 4168 habere
1367 4090 1549 4187 colligere
1582 4099 1620 4162 et
1649 4087 1780 4164 leuare
1805 4097 1843 4162 et

456 4187 625 4288 veniere
650 4187 810 4292 debeant
831 4200 941 4290 atque
965 4188 1119 4293 possint-
1133 4212 1215 4266 cum
1239 4190 1403 4266 omnibus
1435 4199 1474 4266 et
1500 4188 1659 4286 singulis
1682 4185 1838 4263 Jurinm

457 4285 641 4368 fructibus
665 4289 944 4366 obuontiooibus
976 4301 1013 4367 et
1037 4291 1276 4394 pertinenciis
1299 4287 1550 4394 spectantibus
1580 4287 1631 4365 ad
1662 4287 1840 4364 medieta-
