4209 5034
717 556 987 668 episcopatus
1010 560 1269 679 Augustani.

861 975 1114 1066 LXXXIV.

560 1256 574 1272 .
664 1209 870 1276 amnites.
912 1213 964 1276 28.
985 1213 1154 1279 daimati-
1197 1215 1302 1312 Roma.

298 1399 427 1519 Bulla
465 1404 697 1494 Innocentii
741 1431 879 1520 papae
924 1435 1055 1524 super
1100 1413 1174 1498 lite
1218 1413 1327 1499 inter
1374 1397 1596 1520 capitulum
1633 1425 1678 1502 et
1749 1513 1754 1518 ,
1848 1395 1854 1422 ’

299 1525 629 1612 communitatem
664 1527 855 1644 August.
886 1529 941 1616 de
968 1537 1123 1620 statuto
1151 1529 1380 1618 secumdum
1418 1529 1530 1640 quod
1556 1533 1676 1618 cives

424 1664 650 1752 eorumque
678 1641 750 1732 filii
780 1648 836 1734 ad
866 1653 1136 1736 canonicatus
1163 1673 1250 1736 non
1277 1649 1548 1756 recipiantur.
1677 1709 1682 1718 -

386 1874 633 1953 innocentius
656 1899 753 2010 popa
775 1877 885 1955 vim.
916 1877 1056 1955 Dileeti
1086 1879 1154 1955 titii
1187 1879 1341 1956 salutem
1373 1891 1412 1956 et
1440 1880 1678 1981 apostolicam

298 1973 600 2054 benedictionem.
641 1978 813 2076 (cognitis
844 1973 1044 2056 discordiis
1081 1990 1119 2056 et
1143 1979 1442 2059 dissensionibus
1457 2001 1522 2057 xac
1552 1979 1677 2073 titicus

296 2076 394 2152 iuter
427 2097 498 2152 vos
532 2085 571 2152 ct
609 2071 768 2154 dilectus
799 2077 898 2154 tilios
935 2081 1220 2156 communitatem
1251 2083 1531 2180 Augusteusem
1561 2101 1678 2181 super

297 2183 430 2253 statuto
463 2174 513 2252 de
544 2197 617 2251 nun
647 2169 871 2254 admittendo
902 2181 1009 2254 ciues
1045 2191 1084 2255 et
1116 2180 1214 2256 titios
1246 2180 1377 2255 ciuium
1408 2182 1446 2255 iu
1476 2182 1678 2256 canonicos

296 2275 408 2352 istius
438 2273 606 2352 ecclesie
630 2275 905 2375 Angustensis,
938 2289 975 2354 et
1007 2277 1111 2353 illius
1143 2277 1417 2356 confirmatione
1437 2299 1521 2378 ‚per
1550 2277 1678 2354 felicis
1804 2331 1808 2340 ·

297 2369 567 2452 recordationis
604 2371 749 2452 Sixtum
790 2397 919 2475 papam
954 2375 1127 2468 Quartum
1171 2375 1480 2478 predecessorem
1517 2388 1678 2453 nostrum

296 2473 414 2567 iacta,
446 2495 519 2554 nec
543 2495 615 2549 non
639 2475 766 2550 causis
791 2473 991 2550 ecclesiam
1017 2477 1313 2574 Augustensem,
1347 2475 1520 2574 illiusque
1543 2496 1678 2578 perso·
1794 2529 1797 2539 ·

296 2595 366 2652 uos
398 2574 679 2652 ecclesiasticas
710 2585 748 2650 et
785 2595 908 2650 eorum
941 2575 1037 2651 bona
1070 2577 1379 2652 concernentibus
1409 2576 1517 2650 motis
1541 2597 1679 2677 consy-

297 2673 427 2753 durato
463 2675 570 2750 etiem
603 2669 692 2749 inde
726 2674 862 2749 maiora
886 2669 1063 2768 seandalp
1096 2697 1143 2750 ac
1174 2697 1292 2750 nouas
1324 2675 1411 2751 lites
1442 2674 1531 2749 oriri
1561 2697 1715 2777 posse,

297 2776 393 2852 iuter
428 2792 501 2850 vos
533 2784 571 2848 et
603 2775 888 2849 communitatem
920 2773 1122 2875 predictam
1155 2783 1197 2849 vt
1227 2775 1309 2876 paci
1344 2785 1382 2850 et
1412 2775 1537 2872 quieti
1550 2783 1679 2852 vestre

296 2896 366 2978 pro
390 2873 565 2976 pastorali
590 2871 711 2949 officio
744 2883 869 2949 nostro
903 2875 1201 2964 consuleremus,
1235 2874 1475 2950 communitati
1506 2874 1678 2976 predicte
1804 2899 1809 2906 ·

296 2973 485 3076 paralius
509 2973 650 3048 litteras
675 2973 909 3074 scripsimus,
933 2985 1043 3073 atque
1070 2995 1148 3049 eam
1173 2974 1210 3048 in
1233 2973 1368 3050 virtute
1392 2983 1524 3049 sancte
1547 2970 1679 3052 obedi·

298 3075 398 3151 ende
423 3073 644 3165 monuimus,
677 3082 718 3148 vt
748 3067 797 3147 ad
827 3095 953 3148 ornnes
985 3069 1222 3172 etsiugutas
1248 3073 1385 3152 causas
1410 3087 1678 3173 concernentes

299 3171 436 3250 dictam
458 3171 677 3264 ecclesiam,
708 3171 881 3270 itiiuaque
906 3195 1088 3276 personas
1114 3184 1151 3247 et
1176 3174 1272 3248 bona
1299 3173 1560 3248 ecelesiastica
1583 3176 1680 3250 inter

297 3273 414 3374 ipsam
440 3271 723 3347 communitatem
748 3279 785 3346 et
809 3293 882 3346 vos
906 3283 1095 3347 vertentes
1119 3272 1155 3343 in
1182 3294 1253 3346 uos
1269 3275 1582 3372 compromitteret,
1607 3295 1678 3348 seu

298 3367 348 3448 ad
373 3370 606 3447 concordiam
630 3369 824 3445 ineundam
849 3391 930 3446 cum
956 3365 1162 3448 huiusmodi
1192 3373 1335 3461 causis,
1361 3395 1507 3467 quarum
1534 3368 1678 3446 decisio

300 3479 339 3548 et
362 3471 521 3570 cognitio
553 3467 601 3545 ad
635 3491 704 3546 nos
729 3492 780 3544 ex
804 3469 980 3568 pastoraii
1006 3481 1131 3543 uestro
1158 3468 1279 3543 oficio
1313 3471 1473 3569 pertinet
1496 3467 1678 3546 mediante

228 3575 233 3590 '
296 3572 439 3675 justitia
469 3569 531 3644 uei
559 3566 764 3660 xcuncordia
793 3569 901 3644 finem
932 3569 1125 3667 imponere
1151 3566 1398 3658 intendamus,
1435 3579 1474 3642 vt
1499 3567 1678 3645 scaudala
1791 3649 1800 3658 ,

212 3739 219 3746 .
301 3671 499 3763 euitentur,
524 3675 797 3770 procuratorem
821 3691 898 3742 cum
924 3667 1084 3764 legitimo
1109 3666 1276 3742 mandato
1301 3661 1350 3740 ed
1375 3689 1444 3740 nos
1466 3665 1677 3761 destinaret,
1811 3731 1817 3752 ,

291 3768 400 3846 'rude
432 3791 504 3844 ves
536 3777 665 3844 tenore
688 3769 913 3868 presentium
939 3764 1121 3842 hortamur
1146 3777 1182 3842 et
1205 3778 1340 3842 attente
1365 3767 1603 3865 requirimus,
1640 3782 1679 3844 ut

239 3875 243 3886 '
299 3865 354 3944 ad¹
372 3865 577 3946 huiusmodi
610 3889 744 3942 causas
776 3866 974 3942 eeclesiam
1000 3862 1200 3968 predictam
1226 3878 1262 3941 et
1294 3866 1394 3939 iliius
1427 3887 1608 3965 personas
1641 3880 1678 3942 et

301 3968 562 4045 ecclesiastiea
593 3967 689 4042 bona
718 3975 986 4043 concernentes
1010 3968 1048 4040 iu
1074 3987 1142 4040 nos
1166 3973 1206 4040 ut
1231 3967 1267 4039 in
1293 3961 1475 4040 Arbitrum
1501 3975 1540 4040 et
1561 3967 1678 4044 Arbi·
1791 4039 1796 4044 .

299 4077 468 4144 tratorem
494 4065 852 4168 compromitteudes,
886 4076 1157 4167 procuratorem
1183 4087 1263 4140 eum
1289 4063 1486 4139 sufficienti
1511 4064 1678 4170 mandato

301 4167 545 4245 constituatis=
580 4167 638 4265 qui
670 4160 879 4242 huiusmodi
912 4167 1206 4267 compromissum
1230 4165 1372 4240 nemine
1396 4175 1523 4240 uestro
1548 4165 1586 4238 in
1610 4189 1677 4241 nos

1248 4275 1348 4358 28*
