4209 5034
683 1317 772 1373 Auno
793 1313 888 1374 tm.
921 1311 972 1376 tb.
1000 1316 1171 1378 Februarii.
1205 1319 1311 1380 Roma.

306 1507 465 1594 Paulus
494 1535 608 1622 papa
636 1509 845 1599 confirmat
865 1519 1063 1599 statutum
1087 1515 1293 1603 ecelesiae
1314 1519 1432 1634 Aug.
1459 1520 1573 1628 quod
1594 1522 1692 1608 nul·

304 1627 372 1710 lus
411 1629 465 1712 ad
506 1633 768 1740 praebendas
797 1631 1035 1716 admittatur
1062 1633 1144 1718 nisi
1175 1635 1227 1721 de
1255 1660 1416 1752 genere
1456 1637 1584 1722 nobili
1614 1663 1692 1724 seu

304 1745 467 1830 militari
507 1757 777 1860 procreatus,
803 1755 898 1952 8εζιιιιὶ
916 1750 1198 1954 bldddltlffiae
1235 1755 1303 1838 vel
1350 1755 1503 1863 jurium
1546 1755 1692 1841 doctor

402 2096 543 2174 Petrus
572 2101 754 2204 eioopus
784 2125 922 2182 seruus
957 2125 1149 2180 seruorum
1183 2102 1246 2180 dai
1282 2099 1347 2179 Ad
1381 2113 1596 2207 perpetuam
1631 2106 1688 2180 rai

303 2199 507 2272 memoriam
540 2199 579 2275 A
646 2198 818 2280 decorem
858 2215 896 2280 et
931 2217 1157 2280 uenuststem
1189 2215 1398 2280 cunctarum
1430 2213 1557 2280 nostre
1594 2225 1690 2281 uuna

303 2297 438 2373 celitus
463 2301 732 2376 eommissarum
750 2313 788 2378 et
812 2304 1005 2403 presertim
1022 2299 1298 2379 cathedralium
1325 2304 1620 2380 ecclesiariuma
1646 2325 1690 2379 o·

221 2487 229 2496 ⁸
302 2397 437 2474 stoliee
459 2407 587 2500 partes
623 2399 864 2477 meditationis
897 2403 1068 2478 ditlnsius
1105 2401 1297 2500 dirigimus
1329 2415 1369 2477 ut
1400 2425 1469 2504 per
1484 2327 1689 2518 ‘prouida-

301 2497 442 2574 utilium
467 2508 505 2574 et
528 2498 752 2599 ydoneamm
779 2523 1016 2602 personarum
1048 2501 1345 2597 gubernationem
1377 2504 1414 2576 in
1436 2501 1688 2600 spiritualibus

303 2606 342 2673 et
372 2599 632 2696 temporalibus
658 2601 805 2676 uotiuis·
824 2600 1061 2704 pertruantur
1094 2599 1287 2696 enantibus
1321 2611 1359 2676 et
1389 2599 1562 2674 felicibus
1599 2621 1688 2701 pro·

301 2695 426 2772 tioiant
448 2699 683 2773 incrementis
710 2710 746 2774 et
771 2698 844 2773 biis
869 2724 940 2801 qua
967 2705 1164 2802 propterea
1197 2699 1265 2775 rite
1292 2697 1398 2776 ‚tam
1431 2695 1554 2773 tuisse
1588 2721 1688 2774 eom

227 2845 237 2852 -
302 2799 463 2897 petimus
500 2799 611 2873 robur
644 2799 838 2899 apostolici
870 2803 1073 2876 muniminis
1107 2796 1335 2874 adhibemus.
1385 2797 1489 2876 Saue
1525 2795 1689 2874 exhibita

302 2897 410 2972 uobis
434 2919 552 2998 nuper
576 2920 645 2998 pro
671 2908 775 2999 parte
801 2897 928 2976 dilecti
954 2901 1017 2974 filii
1043 2903 1157 2975 nostri
1173 2897 1275 2974 Petri
1301 2897 1394 2974 tituli
1419 2900 1536 2973 saneti
1556 2896 1688 2976 Vitatis
1819 2982 1822 2996 ,

303 2995 513 3115 presbyteri
540 2992 752 3117 Cardinalis
778 3000 856 3120 qui⁸
872 2997 1049 3120 ecclesie·
1066 3000 1295 3118 Augusteum
1330 2997 1465 3116 endis
1489 2999 1687 3116 epsatione

301 3094 921 3298 detinetdetinet
941 3097 1140 3274 iiiii
1157 3095 1441 3297 tibitibi„
1482 3094 1688 3272 ibiibi

303 3291 401 3394 quod
426 3319 448 3370 a
472 3295 595 3395 longis
620 3297 689 3372 iam
715 3299 907 3372 retroactis
931 3298 1156 3398 temporibus
1189 3297 1225 3371 in
1261 3295 1427 3371 ecelesia
1451 3295 1686 3393 Augustensi

302 3395 396 3470 inter
421 3405 548 3470 cetera
572 3405 741 3473 statutum
763 3410 798 3473 et
823 3398 930 3473 etiam
956 3396 1191 3472 laudabiliter
1222 3393 1452 3470 obseruatum
1487 3393 1555 3467 luit
1612 3389 1686 3468 uod

301 3493 426 3569 nulius
447 3497 485 3569 iu
510 3493 638 3569 illaad
663 3494 859 3594 dignitates
885 3507 1103 3596 personatus
1123 3491 1454 3569 administrationes
1468 3491 1571 3567 uelo
1614 3490 1684 3582 eia,

301 3615 446 3669 neenon
473 3589 721 3670 Canonieatus
748 3609 785 3671 et
809 3594 1019 3696 prebendas
1050 3591 1257 3668 admittatur
1287 3593 1360 3666 nisi
1392 3585 1441 3666 de
1466 3589 1595 3668 Nobili
1621 3589 1684 3667 uel

302 3691 456 3768 Militari
480 3714 622 3792 genere
649 3706 863 3795 procreatus
888 3708 951 3771 aut
983 3697 1019 3769 iu
1046 3691 1257 3790 'l'bsolugia
1291 3713 1361 3766 seu
1395 3690 1513 3766 altero
1546 3690 1684 3790 jurium

304 3791 434 3868 ductor
458 3793 521 3866 uel
544 3793 754 3868 licentiatus
780 3817 860 3869 oum
886 3797 1026 3894 rigore.
1044 3793 1222 3868 examinis
1247 3790 1470 3892 approbatus
1503 3788 1616 3866 suerit
1640 3789 1684 3864 ln

303 3889 568 3990 uniusquidem
594 3893 851 3969 obseruatione
872 3896 994 3970 statuti
1014 3891 1218 3968 accedente
1241 3892 1472 3990 superiorum
1497 3911 1684 3964 censensu

301 3987 516 4092 llpisoopus
541 4003 577 4065 et
602 3986 809 4093 Capitulum
835 3995 1079 4091 Augustanos
1114 3992 1150 4065 in
1183 3990 1338 4092 paeiiieu
1363 3990 1425 4065 uel
1463 3990 1567 4088 quasi
1593 4011 1683 4090 pos-

300 4090 473 4166 sessione
499 4089 671 4166 eristuut.
722 4087 817 4168 Cum
843 4105 961 4170 autem
985 4094 1082 4167 sicut
1114 4085 1244 4166 audem
1278 4091 1402 4188 petitio
1436 4089 1569 4164 subiun
1598 4087 1682 4163 ebat

291 4190 388 4302 ‘quia
422 4187 565 4291 prelata
600 4190 855 4289 Augustensis
885 4191 1052 4270 eeclesia
1088 4185 1237 4284 casus*
1259 4189 1414 4266 dominia
1446 4189 1530 4264 loea
1593 4185 1679 4262 illas
