4209 5034
666 539 933 654 'episcopatum
968 537 1229 660 Augustani.
1571 543 1635 633 ut

256 783 292 854 et
315 770 577 853 ordinacioues
596 774 725 852 noemi
757 769 920 879 Capituli
953 770 1161 874 redigenda
1191 795 1242 852 ne
1272 760 1467 854 olrliniouls
1498 721 1636 856 noeirs

253 875 374 952 nubilo
402 871 629 954 obducantur
651 879 856 953 statuentes
880 873 1112 952 nihilominus
1136 884 1176 952 et
1197 873 1403 970 addentes,
1429 874 1527 976 quod
1552 878 1637 978 qui-

99 967 100 982 '
253 975 339 1054 lilret
360 979 578 1078 prepositos
603 975 652 1054 de
675 997 772 1052 nono
802 971 1065 1151 recipiendus,
1103 987 1213 1076 prout
1237 977 1355 1054 eoiam
1379 975 1550 1058 emuniri
1569 973 1636 1052 de

99 1125 101 1158 t
252 1098 346 1152 nouo
369 1079 519 1178 recepti
543 1101 589 1154 ea
612 1079 732 1153 iurent
755 1097 873 1153 secun
902 1101 957 1150 nm
983 1074 1134 1152 formam
1155 1073 1301 1151 modum
1332 1085 1371 1152 et
1391 1069 1635 1156 consuetudi-

252 1196 330 1252 nem
353 1179 511 1278 capituli
535 1176 713 1254 hactenus
738 1187 810 1253 eto.
840 1175 1013 1277 Inprimis
1036 1178 1148 1276 igitur
1171 1175 1374 1268 statuimus,
1399 1174 1635 1255 decmniuns

99 1275 100 1290 ¹
150 1333 159 1346 .
252 1284 288 1350 el
317 1273 519 1352 diffinimus
551 1289 589 1354 et
620 1299 690 1379 pro
720 1277 865 1352 stannus
899 1275 1027 1350 iuratis
1059 1273 1109 1350 de
1142 1285 1270 1353 cetero
1301 1273 1433 1370 haberi
1465 1275 1635 1352 volumus

99 1349 101 1460 s
251 1372 345 1474 quod
379 1385 629 1550 qusntnmonn
653 1398 703 1452 ne
738 1388 776 1453 et
808 1377 1142 1476 quocienscumque
1175 1397 1250 1450 una
1285 1373 1383 1450 infra
1416 1376 1634 1474 scriptarum

252 1475 350 1550 trium
419 1477 575 1552 uriarum
599 1479 636 1554 vi
653 1476 812 1552 lioolinm
837 1475 1016 1552 videlicet
1040 1476 1079 1550 io
1105 1472 1330 1567 Gerslrol'eo,
1354 1474 1393 1548 in
1409 1471 1635 1574 Mordingen

253 1581 288 1648 et
307 1575 344 1648 in
371 1575 608 1676 Bylrerbaclq
631 1575 695 1652 nol
720 1598 866 1666 omnes,
903 1573 966 1650 uel
990 1577 1151 1674 ipsarum
1175 1573 1299 1673 oliqna
1330 1571 1394 1650 nel
1428 1572 1557 1674 plnres
1581 1596 1634 1652 ex

99 1679 101 1746 l
254 1673 307 1748 eis
343 1675 531 1752 vacabunt
568 1675 704 1752 villicis
743 1676 1053 1776 qualitercumque
1092 1684 1131 1748 et
1170 1693 1397 1773 quocumque
1427 1671 1536 1750 modo
1568 1673 1634 1752 uel

99 1811 101 1868 q
254 1793 476 1874 quocumque
500 1787 664 1878 tempore
690 1782 732 1859 et
751 1799 803 1850 ox
828 1775 1039 1876 quibuscum

253 1873 394 1949 aecidat
418 1875 481 1949 uel
507 1877 709 1975 contingat,
744 1873 841 1974 qnod
875 1883 1015 1950 exlnno
1041 1796 1121 1949 idios
1137 1784 1535 1972 cpqsqqnppnqqpqqeunp
1549 1771 1633 1950 &qq
1794 1940 1796 1943 ,

255 1971 398 2071 pitnlum
422 1972 556 2054 hebeat
586 1985 624 2052 et
654 1974 794 2050 habere
826 1969 960 2050 debeat
984 1971 1128 2074 plenam
1162 1981 1201 2048 et
1231 1971 1382 2048 liberam
1414 1979 1666 2072 potestatem-

99 2081 101 2112 ³
259 2079 293 2144 et
312 2072 465 2150 liberum
490 2087 527 2150 et
551 2075 696 2177 plenum
730 2076 790 2152 ins
816 2083 854 2148 ot
877 2073 1127 2148 anctoritatem
1150 2071 1350 2174 plenarian
1375 2069 1520 2148 domino
1544 2093 1634 2174 pre-

261 2173 372 2290 posito
395 2171 576 2292 hodierno
610 2186 649 2252 et
672 2173 957 2292 successoribus
989 2175 1071 2248 suis
1103 2173 1141 2291 ip
1174 2167 1351 2292 dignitate
1384 2171 1634 2276 prepositure,

263 2269 319 2344 uel
338 2271 390 2348 rlli
413 2273 478 2348 nel
502 2273 597 2369 ullis,
632 2275 694 2374 qni
730 2271 953 2392 domnorum
984 2281 1253 2391 preposuerunt
1284 2293 1406 2348 vuoem
1438 2281 1478 2348 et
1511 2269 1634 2392 locum

266 2373 595 2550 centulo
617 2372 1447 2650 sollempneou·
1460 2393 1636 2570 oon

299 2571 503 2689 resentpndi,
541 2575 600 2673 qni
633 2597 706 2651 non
724 2577 786 2692 'si-t
816 2572 854 2690 iq
879 2573 1003 2690 alique
1061 2572 1211 2693 iuilato·
1236 2563 1373 2690 (Jastrp
1387 2671 1396 2688 .
1410 2567 1546 2672 oppido
1570 2566 1635 2644 ool

274 2669 796 2888 lltzllllll't'tllllt
805 2664 1477 2874 qlltlllttlll‘tzltlll
1490 2663 1634 2852 aii&

269 2869 442 2946 turrinus
474 2874 510 2946 in
535 2871 659 2972 aliquo
691 2872 798 2954 looo,
831 2865 952 2948 donec
985 2883 1021 2950 el
1055 2870 1224 2971 quamdiu
1258 2873 1332 2946 erit
1362 2878 1402 2947 et
1419 2861 1522 2948 'esse
1553 2866 1637 2944 vult
1769 2891 1773 2898 ⁴

267 2962 406 3050 villicus
440 2982 478 3045 et
514 2971 669 3048 colonus
704 2974 742 3048 in
775 2994 850 3047 vno
883 2971 1060 3050 dicturum
1093 2973 1201 3046 trium
1231 2973 1412 3048 curiarum
1446 2963 1511 3061 ad,
1530 2992 1635 3068 uuam
1673 3007 1680 3029 2

261 3070 543 3162 praesentabitur
577 3083 616 3148 nt
650 3082 708 3149 est
734 3069 888 3164 dictum,
921 3074 992 3148 nisi
1016 3071 1088 3150 hoo
1112 3072 1344 3173 processerit
1357 3143 1361 3148 ,
1374 3067 1424 3146 de
1455 3067 1635 3150 communi

99 3241 101 3252 ,
258 3165 412 3264 ipsorum
453 3169 676 3247 dominorum
714 3172 985 3274 prepositorum
1021 3181 1061 3248 et
1098 3174 1218 3248 tocius
1250 3167 1413 3271 Capituli
1444 3167 1633 3248 voluntate

252 3269 408 3344 consilio
435 3280 472 3346 et
498 3293 685 3348 consensu
710 3283 748 3347 et
772 3265 869 3370 qnod
893 3269 992 3346 idem
1015 3269 1167 3347 villicus
1200 3269 1447 3370 personaliter
1483 3277 1520 3342 et
1544 3286 1634 3367 per·

256 3379 439 3444 manenter
464 3367 630 3447 resideat
655 3379 693 3448 et
716 3369 815 3447 colat
839 3371 976 3446 curiam
1011 3365 1230 3448 antedictam
1253 3380 1292 3444 et
1314 3369 1379 3443 tali
1404 3375 1443 3445 et
1461 3365 1552 3443 nulli
1576 3362 1634 3440 ul·

254 3465 330 3558 leri,
355 3469 434 3544 illis
460 3471 680 3572 temporibus
704 3480 742 3546 et
764 3467 886 3545 taliter
911 3479 1124 3571 presentato
1156 3477 1347 3546 teneantur
1370 3465 1538 3548 domium
1563 3485 1634 3540 no·

253 3573 326 3640 ster
350 3569 566 3671 prepositus
590 3567 787 3647 modernus
822 3579 859 3644 et
888 3592 1012 3646 omnes
1037 3591 1285 3647 successores
1309 3566 1369 3644 sui
1393 3565 1457 3642 nel
1479 3564 1547 3640 ille
1571 3563 1634 3662 qni
1755 3626 1758 3632 .

243 3677 408 3781 vprotunc
445 3673 542 3770 gerit
570 3672 678 3748 vices
702 3669 854 3746 'domini
895 3669 1080 3770 prepositi·
1111 3679 1151 3745 et
1189 3688 1453 3745 successorum
1482 3686 1633 3741 suorum

248 3763 349 3841 ullam
375 3771 509 3844 curiam
532 3769 744 3861 villicalem,
770 3789 842 3872 qne
866 3779 953 3844 tuuc
978 3771 1036 3844 sio
1061 3770 1260 3874 vacanorit
1275 3778 1315 3845 vt
1337 3765 1525 3868 prefertur
1543 3785 1634 3840 con-
1756 3859 1760 3866 ι

249 3859 353 3941 ferro
387 3879 586 3944 eumanum
612 3873 803 3970 porrigere
841 3869 923 3944 sine
956 3867 1143 3946 dilacione
1174 3887 1402 3969 quacunque,
1424 3875 1462 3941 et
1491 3864 1634 3963 absque

248 3966 414 4139 qpolibet
438 3963 739 4045 contradictione.
788 3965 838 4043 Et
864 3965 960 4068 qnod
985 3965 1120 4046 habeat
1143 3980 1182 4044 et
1205 3975 1373 4044 tenentur
1396 3977 1484 4046 tanc
1509 3959 1632 4040 dictus
1739 4024 1742 4036 .

298 4067 419 4142 minos
443 4069 671 4170 prepositus,
695 4066 901 4144 hodiernus
926 4078 963 4142 ot
988 4075 1185 4147 omneset
1213 4065 1355 4166 singuli·
1383 4083 1632 4148 successores
1765 4067 1769 4072 '

99 4277 100 4282 Ν
248 4166 308 4283 uqi
332 4189 403 4284 pro
427 4166 651 4264 honorandis
676 4165 774 4268 quod
798 4163 984 4244 Ersolratn
1001 4165 1197 4285 vulgariter
1219 4167 1431 4284 uomiqomr,
1457 4160 1634 4280 decuria

126 4307 132 4314 ·
247 4261 464 4346 ummo-in
490 4265 703 4348 Gerslolen
727 4263 973 4364 oonloreode',
999 4261 1048 4346 de
1072 4264 1233 4368 qnolrlret
1255 4265 1403 4355 vdlron,
1428 4284 1490 4340 our
1513 4279 1631 4363 upsanr
