4209 5034
688 511 958 619 episcopatus
986 511 1243 630 Augustani·
1500 514 1503 522 ‘
1570 514 1672 604 249

292 732 379 810 Nos
404 735 442 810 iu
468 758 584 813 causa
608 747 646 815 et
672 743 798 818 causis
822 740 1028 818 buinsmotli
1056 754 1102 819 ae
1127 699 1222 818 inter
1239 751 1367 843 partes
1390 743 1578 844 predictas
1603 731 1675 825 seu

140 835 145 845 '
291 835 421 910 verius
447 833 644 914 earundem
669 839 852 942 legitimos
878 853 1139 944 procuratores
1163 839 1322 917 ulterius
1352 843 1422 920 rite
1447 857 1485 920 et
1508 847 1672 946 legitime

288 933 501 1109 procedere
544 935 717 1016 volentes
757 941 927 1016 Primitus
968 964 1036 1043 per
1069 936 1270 1016 Prouidum
1306 942 1422 1017 virum
1437 1042 1439 1044 q
1455 945 1674 1044 Magistrum

316 1033 493 1109 ohannem
529 1036 622 1112 labri
654 1039 690 1114 in
723 1039 888 1117 Romana
913 1043 1017 1117 curia
1044 1062 1236 1117 cansarum
1271 1052 1309 1116 et
1341 1045 1602 1120 venerabilium
1628 1067 1674 1120 ae

289 1129 649 1236 circumspectorum
671 1141 831 1216 virorum
858 1139 1081 1216 dominorum
1102 1140 1242 1216 Decaui
1267 1153 1304 1215 et
1319 1136 1480 1243 Capituli
1504 1143 1674 1222 ecclesie

289 1231 544 1332 Augustcusis
568 1238 825 1344 principalium
849 1241 887 1315 iu
912 1238 1052 1316 eisdem
1070 1239 1384 1316 commissionibus
1410 1251 1447 1316 et
1462 1239 1673 1320 Senmnms

288 1355 357 1434 pre
383 1344 420 1408 et
443 1333 513 1410 sub
526 1336 677 1414 insertis
702 1339 956 1441 principaliter
982 1337 1248 1439 descriptorum
1259 1337 1453 1415 Sindicum
1477 1343 1561 1417 siue
1586 1366 1674 1443 pro·

290 1443 492 1508 curatorem
524 1447 633 1535 prout
666 1435 715 1511 de
755 1440 814 1512 sni
850 1436 1055 1514 sindioatus
1089 1441 1173 1514 siue
1205 1442 1473 1538 procurationis
1505 1439 1681 1517 m‘andato.

290 1531 388 1632 apud
414 1542 497 1608 acta
522 1555 637 1609 cause
662 1534 868 1612 huiusmodi
894 1537 1080 1637 legittimis
1116 1549 1257 1613 constat
1288 1535 1517 1616 documentis
1539 1543 1577 1616 iu
1602 1565 1674 1618 uos

287 1639 463 1730 tamquam
487 1631 658 1709 Judlcem
685 1637 756 1712 sibi
781 1637 1019 1738 partibusque
1048 1639 1130 1712 suis
1156 1650 1415 1738 competentem
1440 1650 1674 1740 nostramque

288 1729 590 1808 Jurisdictioueur
632 1755 819 1836 expresse
861 1757 1049 1813 consenso
1089 1731 1154 1810 Ad
1192 1733 1349 1812 Prouidi
1387 1739 1461 1812 riri
1501 1737 1546 1814 Μ
1596 1742 1675 1816 ‘stri

289 1827 398 1904 Pauli
426 1825 544 1907 Celer
567 1833 602 1906 in
630 1829 730 1910 dicta
754 1837 859 1912 curia
884 1837 989 1911 etiam
1015 1857 1211 1911 causamn
1235 1845 1281 1911 et
1306 1837 1530 1936 prefatorum
1582 1839 1674 1914 omi·

288 1951 415 2004 uorum
447 1927 710 2029 Magistrorum
736 1937 867 2012 ciuium
894 1929 1122 2011 Consulatus
1148 1943 1187 2010 et
1211 1938 1474 2012 communitatis
1505 1933 1675 2037 August-

288 2029 392 2104 ennis
418 2028 630 2107 exaduerso
656 2033 905 2136 principalium
924 2031 1071 2112 Sindici
1093 2034 1176 2110 siue
1219 2037 1447 2112 rocurtttoris
1462 2035 1674 2113 Iustautlanu

288 2125 337 2204 tle
363 2131 470 2205 onius
495 2131 578 2206 siue
600 2135 868 2234 procurationis
900 2132 1069 2209 mandato
1102 2157 1176 2235 spu
1235 2146 1319 2210 acta
1352 2129 1522 2212 eiusdem
1555 2157 1673 2213 cauae

286 2225 466 2304 similibus
490 2243 633 2307 constat
659 2232 888 2309 documentis
916 2232 1064 2308 Dictum
1095 2231 1300 2310 Jobauuem
1331 2233 1428 2312 fabri
1460 2234 1674 2314 eratnerm
1797 2323 1802 2330 ,

285 2337 560 2428 procuratorem
585 2333 670 2406 sine
696 2331 888 2408 Sindicum
913 2327 979 2406 Ad
1004 2331 1199 2408 dicendum
1224 2342 1262 2406 et
1286 2328 1543 2437 excipiendum
1568 2337 1674 2434 quie·

312 2425 374 2502 uid
398 2428 515 2506 verbo
540 2429 604 2504 rel
628 2432 665 2504 in
691 2431 842 2532 scriptis
861 2441 989 2507 contra
1005 2431 1295 2507 commissionem
1315 2435 1483 2533 proxime
1499 2433 1672 2510 insertam

286 2449 423 2602 dicore
441 2529 525 2604 sine
551 2531 730 2632 excipere
746 2529 984 2622 volebatPer
1002 2541 1140 2605 certum
1157 2525 1245 2607 dicti
1265 2529 1401 2606 domini
1420 2532 1536 2606 nostri
1552 2551 1673 2650 papae

287 2621 490 2702 Cursorem
515 2628 620 2702 citari
646 2629 893 2705 marrdanimus
919 2639 956 2706 et
974 2629 1130 2707 fecimus
1154 2625 1220 2705 Ad
1235 2639 1373 2706 certum
1393 2639 1673 2731 peremptorium

286 2725 474 2802 terminum
501 2739 763 2828 competentem
787 2727 830 2805 In
852 2749 923 2828 quo
942 2751 1012 2830 per
1058 2731 1315 2806 reuomiuatum
1334 2727 1554 2830 Magistrum
1570 2729 1674 2806 Pau·

286 2821 359 2900 lum
386 2821 503 2901 Celer
526 2839 798 2927 procuratorem
832 2831 916 2904 sine
950 2754 1143 2906 Sindicnm
1175 2830 1319 2906 nomine
1349 2852 1423 2928 quo
1448 2851 1491 2903 su
1518 2852 1561 2905 ra
1585 2851 1674 2931 pro-

287 2925 471 3000 curatorio
497 2947 619 3002 coram
645 2928 753 3004 nobis
777 2929 815 3003 in
839 2921 992 3010 Judicio
1015 2940 1283 3031 comparentem
1305 2929 1475 3029 prelibati
1594 2929 1675 3004 ‘stri

284 3021 469 3100 Jobannis
492 3024 586 3104 fabri
612 3023 828 3104 exadverso
854 3030 1106 3130 procuratoris
1139 3029 1223 3106 sine
1256 3024 1405 3104 Sindici
1430 3051 1502 3102 uon
1527 3053 1675 3130 compa-

286 3125 402 3198 rentis
433 3128 661 3202 contumacia
694 3139 875 3205 accusata
903 3126 1102 3230 ipsumque
1138 3140 1387 3205 contumacem
1421 3130 1584 3229 reputari
1616 3131 1675 3202 in-

286 3231 427 3298 stanter
442 3226 646 3326 ·postulato
681 3249 729 3304 ac
790 3250 834 3304 er
866 3249 934 3302 nos
970 3239 1079 3328 prout
1115 3229 1197 3304 era't
1230 3226 1391 3302 dictante
1421 3223 1573 3302 domitia
1603 3248 1673 3327 pro

191 3351 194 3358 ·
285 3330 499 3399 contumace
536 3335 703 3428 reputato
779 3349 824 3402 os
863 3337 951 3402 tnnc
991 3325 1038 3402 ad
1074 3325 1244 3427 prelibati
1277 3323 1454 3444 Magistri
1490 3321 1673 3400 debannis

109 3499 112 3506 ,
273 3419 380 3497 labri
415 3427 665 3524 procuratoris
702 3427 787 3502 siue
826 3419 972 3506 Sindici
1009 3425 1220 3501 lustantiam
1255 3422 1479 3522 Magistrum
1519 3423 1673 3499 Paulum

286 3517 407 3599 Ooler
447 3522 660 3600 exaduerso
695 3535 970 3627 procuratorem
1009 3525 1094 3600 sine
1131 3520 1323 3599 Sindicnm
1362 3518 1568 3622 predictam
1608 3520 1673 3596 Ad

287 3614 446 3696 dandum
472 3634 510 3698 et
534 3621 786 3723 recipiendum
813 3624 968 3722 darique
994 3633 1031 3700 et
1056 3623 1174 3724 recipi
1191 3617 1390 3698 videndum
1409 3621 1571 3697 libellum
1588 3622 1673 3722 siue

286 3721 514 3796 summariam
538 3725 575 3798 io
600 3720 672 3799 bac
698 3747 814 3802 causa
845 3724 1058 3826 petitionem
1088 3744 1160 3824 per
1192 3745 1301 3799 vnum
1333 3741 1383 3796 ex
1416 3715 1506 3795 dicti
1538 3718 1674 3796 domiui

286 3819 403 3895 nostrl
427 3843 525 3924 pape
551 3817 780 3902 cursoribus
806 3824 910 3899 citari
933 3822 1092 3898 facimus
1125 3831 1163 3898 et
1187 3817 1435 3896 mandarimus
1459 3817 1508 3896 ad
1533 3831 1673 3895 certum

156 3935 163 3945 ·
286 3917 396 3994 alium
420 3923 701 4023 peremptorium
720 3921 906 3999 terminum
924 3929 1188 4023 competentem
1216 3919 1332 4012 Quem
1359 3919 1467 3993 etiam
1490 3917 1561 3994 sibi
1586 3940 1674 4021 par·

285 4017 459 4122 tibusque
483 4023 564 4096 suis
589 4020 637 4097 ad
663 4021 766 4098 ldem
791 4019 1001 4100 faciendum
1052 4019 1242 4096 refiximns
1268 4030 1306 4093 et
1330 4019 1599 4117 assignauimus
1627 4003 1673 4107 In

289 4137 361 4216 quo
392 4142 461 4221 per
491 4121 658 4221 prelatos
690 4119 897 4222 Magistros
931 4121 1010 4198 Pau
1029 4143 1086 4196 um
1121 4114 1240 4196 colar
1273 4126 1313 4193 et
1341 4114 1546 4218 dolraunen
1575 4117 1672 4194 labri

318 4257 381 4302 ιω,
396 4257 461 4304 »ιιι
476 4261 532 4307 ru.
547 4261 645 4306 mar.
663 4273 704 4306 m
720 4259 867 4306 utrum-o
880 4273 954 4306 ma·
967 4260 1022 4307 var.
1036 4259 1095 4306 rm
1108 4257 1140 4304 u.
1295 4231 1358 4310 82
