4209 5034
382 541 486 651 968
793 569 814 635 ,’
893 673 894 679 ¹
941 541 1246 640 Mummi&
1277 557 1342 658 'gn

382 775 536 874 scibiles,
580 787 760 878 perpetuo
805 747 886 874 rogi
923 785 962 852 ct
993 775 1181 878 prouideri
1218 770 1675 864 subconstitutus
1708 770 1767 872 ip-

381 877 463 965 sins
488 877 658 962 beneficii
683 898 753 952 seu
779 875 1011 968 obseruantia
1035 878 1140 955 iuxta
1166 899 1285 994 quam.
1307 872 1478 975 perpotiri
1504 869 1697 972 -cspcllciti
1718 867 1767 946 sd
1898 901 1904 910 ·

379 971 472 1053 illud
501 976 668 1053 investiti
695 973 872 1052 hactenus
898 971 1018 1060 cidem
1041 975 1279 1068 decernent,
1320 976 1382 1052 cui
1402 970 1449 1051 lu
1475 969 1547 1080 bac
1572 982 1676 1072 parte
1700 989 1768 1048 an·

383 1062 547 1152 ctoritate
564 1086 686 1153 nostra
700 1070 887 1152 ordinaria
902 1070 1076 1150 duximus
1092 1073 1351 1174 derogandum
1378 1083 1488 1171 atque
1513 1070 1598 1150 aliis
1620 1073 1659 1146 in
1676 1091 1769 1146 con·
1897 1084 1900 1095 ’

311 1182 314 1188 “
379 1175 771 1274 manumissionibus
798 1198 869 1252 non
896 1175 1122 1252 obstantibus
1149 1177 1437 1276 quibuscunque.

930 1653 1248 1750 LXXXXVI„
1376 1713 1384 1720 ·

778 1818 1395 2000 manutentannuntunnna
1472 1832 1476 1837 ⁴

379 2030 668 2177 Innocentius
684 2055 736 2175 Ρ.
767 2025 965 2174 obtutum
996 2089 1049 2174 dc
1077 2113 1163 2175 nou
1199 2089 1457 2196 recipiendis
1494 2081 1590 2169 lillis
1618 2043 1773 2198 ciuium

376 2228 403 2242 ··
493 2246 498 2258 ·
543 2199 572 2264 Ψ
602 2195 635 2317 ’ζ
659 2199 849 2324 August.
880 2208 934 2292 ud
960 2210 1233 2293 canonicatus
1263 2201 1487 2341 confirmat.

376 2447 384 2535 ζ
480 2439 717 2535 Innocentius
755 2439 956 2545 episcopus
988 2465 1124 2520 seruus
1156 2466 1348 2519 seruorum
1386 2439 1448 2519 dci
1487 2439 1774 2533 venerabilibus

378 2537 554 2636 fratribus
568 2557 590 2617 '.
616 2597 627 2618 .
650 2536 963 2645 Archicpis'copo
981 2541 1200 2644 Maguntino
1232 2552 1270 2618 ct
1292 2581 1308 2616 u
1332 2594 1340 2609 .
1366 2539 1696 2642 Eystctensi,ac-·
1724 2559 1773 2616 .·.

265 2655 268 2660 ’
379 2637 617 2739 Frisingensi
632 2641 833 2744 Episcopis
846 2641 1014 2720 Salutem
1027 2651 1066 2719 'et
1079 2640 1320 2746 apostolicam
1334 2639 1629 2736 benedictionem
1641 2637 1769 2747 llotfic

380 2761 406 2814 a
428 2738 535 2816 uobis
551 2753 771 2831 'enarrarunt
794 2743 915 2818 littere
940 2744 1081 2818 tcunris
1114 2739 1377 2842 subsequentis
1398 2739 1637 2819 Innocentius
1663 2739 1771 2841 cpis-

381 2859 500 2940 copus
537 2863 674 2915 seruus
708 2865 897 2917 seruorum
932 2839 991 2916 dei
1027 2840 1093 2916 Ad
1127 2853 1342 2942 perpetuam
1378 2841 1435 2917 rci
1468 2841 1671 2919 memoriam
1703 2833 1787 2915 Ad·

381 2949 510 3012 statum
536 2950 573 3013 ct
598 2937 774 3014 honorem
800 2937 1042 3015 ecclesiarum
1069 2943 1223 3017 omnium
1249 2941 1443 3042 presertim
1465 2941 1662 3038 insignium
1687 2933 1770 3016 Ca-

381 3031 599 3112 thcdralium
622 3037 782 3114 feliciter
809 3035 1103 3114 conseruandum
1134 3052 1170 3114 ct
1196 3063 1377 3143 prospere
1409 3033 1640 3138 dirigentium
1666 3041 1769 3114 curis

373 3135 610 3236 {inuigilamus
636 3133 811 3227 assiduis,
837 3146 875 3210 et
899 3137 1037 3236 illaque
1063 3150 1260 3239 propterca
1285 3137 1442 3242 prouido
1459 3149 1590 3216 statuta
1608 3149 1644 3214 ct
1666 3138 1771 3213 ordi·

379 3244 466 3310 nata
491 3247 574 3312 suut
590 3246 637 3312 ut'
653 3235 752 3311 lirma
767 3247 948 3352 perpetuo
972 3237 1009 3312 ct
1030 3237 1253 3316 inconcussa
1267 3241 1468 3342 persistunt
1490 3235 1659 3329 libenter,
1684 3259 1767 3312 cum

381 3333 533 3410 anobis.
545 3337 680 3434 petitur
697 3335 901 3436 apostolico
927 3339 1118 3413 munimine
1136 3340 1350 3418 roboramus
1367 3337 1471 3415 Saus
1484 3333 1618 3412 dudum
1643 3336 1770 3412 lelicis

373 3427 647 3509 'recordationis
672 3431 777 3510 Sixto
804 3454 899 3536 pape
922 3434 1002 3510 llll
1053 3437 1292 3516 rcdecessori
1323 3433 1449 3514 nostro
1475 3460 1544 3539 pro
1577 3447 1682 3539 parte
1709 3433 1768 3510 di-

378 3529 557 3606 lectorum
583 3531 738 3607 liliorum
764 3531 908 3608 Decaui
938 3546 975 3610 et
1036 3538 1164 3640 apituli
1198 3540 1360 3617 ecclesie
1387 3537 1642 3636 Augustcu'sis
1669 3535 1767 3612 Pro·

371 3627 748 3728 'uinciclllaguutiuc
774 3628 966 3732 exposito,
1000 3633 1213 3735 quodlicet
1239 3637 1334 3714 ultra
1358 3635 1537 3726 hominnm
1561 3636 1766 3711 memoriam

369 3731 550 3804 'statutum
584 3741 622 3836 et
654 3729 915 3808 inuiolabiliter
947 3733 1181 3812 observatum
1213 3735 1349 3814 inisset
1380 3731 1480 3838 quod
1512 3735 1634 3810 nulius
1660 3731 1766 3811 Ciuis

380 3827 636 3942 Angustcnsis
662 3827 698 3901 in
726 3825 948 3908 Canonicurn
977 3831 1077 3913 dicte
1104 3835 1266 3914 ecclesie
1287 3837 1529 3938 reciperetur,
1555 3840 1673 3910 buren
1694 3833 1764 3910 ali-

286 4027 290 4035 .
367 3945 444 4025 'qur
477 3925 640 4019 quamuis
671 3951 741 4004 non
768 3927 886 4008 Ciues
922 3933 1187 4034 Augustcuses
1213 3933 1359 4013 Cinium
1389 3928 1511 4012 tamen
1548 3928 1612 4010 ucl
1639 3930 1765 4010 Ciuis·

380 4037 502 4093 sarum
518 4020 807 4120 Angustensium
832 4032 909 4115 tint,
934 4055 979 4109 se
1003 4037 1038 4109 in
1056 4031 1267 4112 Canonicos
1293 4031 1393 4112 dicte
1408 4035 1576 4111 ecclesie
1600 4045 1760 4136 tempore

365 4115 605 4228 ‘procedente
620 4128 736 4228 recipi
764 4141 800 4205 et
825 4129 960 4208 admitti
986 4156 1103 4234 posse
1127 4134 1407 4239 protendebant,¹
1426 4133 1603 4214 Dccauus
1630 4144 1668 4210 ct
1684 4128 1761 4210 Cu·-

1978 346 1983 579 l

1982 710 1983 795 l
