4209 5034
733 587 1003 696 episcopatus
1031 589 1292 704 Augustani.
1631 586 1732 676 328

334 815 433 898 dicti
449 841 533 920 pro
552 820 726 920 ‘singolis
763 821 936 900 oneribus
973 821 1237 926 supportandis
1286 821 1456 900 Plobano
1473 821 1622 901 :ibidum
1658 847 1730 900 nou

339 920 568 1012 sufficerent,
594 923 655 1022 qui
669 923 786 996 eciam
801 921 925 1000 dietim
939 923 1043 998 malis
1060 919 1222 1023 rudique
1237 922 1563 1002 crebrescentibus
1579 925 1732 1002 diminui

339 1033 384 1096 ct
412 1019 645 1100 deterioriari
686 1023 898 1124 timerentur
941 1024 988 1098 ob
1036 1023 1135 1122 quod
1172 1025 1247 1098 nisi
1295 1022 1345 1098 de
1378 1021 1544 1101 remedio
1576 1025 1730 1100 salubri

329 1119 911 1222 prouideratnrinlutnrumiites,
928 1121 1729 1227 onlroctosctcomrooersieinterplebaunru

339 1218 580 1322 inWolpucb
602 1235 639 1298 et
654 1222 832 1298 vicuriurn
858 1221 1148 1324 capellu'l'rium
1166 1247 1293 1324 regum
1309 1227 1539 1326 pomoeriu,
1567 1228 1585 1300 Ι
1611 1244 1729 1324 suque

392 1321 592 1398 rrocbiutis-
623 1323 790 1398 eociesia
830 1337 977 1398 rectore
1016 1323 1139 1400 orbori
1176 1324 1425 1398 verisimiliter
1460 1323 1565 1398 iorm'
1595 1335 1762 1400 arctura

339 1345 468 1514 ἕπετο
493 1447 560 1524 pro
584 1437 688 1522 parte
712 1421 879 1498 eiusdem
896 1419 1082 1498 lt'ridorici
1106 1422 1176 1496 init
1199 1422 1306 1498 nobis
1322 1423 1566 1524 supplicatum
1591 1425 1730 1500 obnixe

339 1531 519 1620 quatenns
552 1525 667 1622 ipsam
698 1523 899 1601 ecclesiam
933 1521 1199 1623 parrochialem
1237 1523 1273 1611 in
1307 1525 1480 1600 vicariam
1512 1537 1725 1626 perpetuum

340 1621 556 1698 confirmare
569 1645 615 1697 ao
631 1624 770 1699 vicario
785 1621 952 1698 eiusdem
970 1645 1166 1722 congruam
1182 1622 1401 1696 Porcioocm
1427 1647 1569 1699 necnon
1585 1626 1727 1700 vicario

339 1718 488 1824 capelle
520 1724 624 1798 trium
659 1743 784 1814 regum
822 1745 888 1822 pro
921 1737 1085 1822 tempore
1107 1722 1287 1818 ,existenti
1322 1744 1461 1797 censos
1494 1735 1533 1798 ct
1558 1721 1728 1798 redditus

339 1847 433 1924 qnos
459 1833 613 1921 vterque
638 1821 771 1896 suturis
797 1823 1021 1922 temporibus
1047 1821 1186 1896 babere
1217 1833 1255 1896 et
1280 1825 1479 1922 percipere
1503 1823 1645 1920 ubsque
1672 1823 1729 1896 ai·

336 1925 455 2002 terius
470 1921 724 2024 impedimento
742 1935 779 1996 et
794 1921 1093 1998 contradicoionc
1112 1920 1267 1998 deberet
1280 1925 1519 2022 appropriare
1541 1937 1578 1998 et
1602 1924 1728 2020 ussig-

336 2046 428 2098 nsrc
454 2021 687 2116 dignaremus
712 2020 797 2096 N'os
823 2045 914 2096 vero
941 2035 1068 2121 petrus
1095 2020 1308 2122 Episcopus
1333 2035 1550 2095 memoratus
1586 2024 1728 2095 interne
1767 2033 1771 2039 ’

338 2121 605 2224 ponderantes
633 2121 730 2220 qnod
757 2145 806 2196 ex
841 2121 1122 2196 confirmacione
1156 2135 1194 2196 et
1224 2123 1487 2218 assignacione
1521 2119 1725 2195 huiusmodi

341 2219 473 2297 niodum
507 2220 618 2297 cultui
647 2221 771 2296 diuino
806 2225 991 2297 accrescit
1024 2223 1238 2318 obsequium
1269 2241 1397 2295 rerum
1444 2222 1559 2295 coium
1591 2220 1726 2294 bituris

337 2321 484 2421 Jurgiis
511 2333 548 2396 ct
574 2319 867 2396 dissensionibus
893 2323 1042 2402 salubre
1080 2331 1295 2420 preparatur
1326 2317 1534 2410 antidotum,
1585 2317 1729 2393 Preiati

341 2423 524 2498 lt'riderioi
558 2423 731 2522 precibus
765 2421 1017 2496 fauorabiliter
1049 2442 1214 2497 monuere
1246 2418 1426 2505 volentes,
1476 2419 1537 2490 Dc
1573 2439 1730 2491 reitera-

339 2521 464 2601 biiiunn
505 2523 660 2596 virorum
702 2515 926 2596 dominorum
968 2519 1134 2594 Heinrici
1179 2519 1354 2618 prepositi
1392 2513 1552 2591 Gotfridi
1595 2510 1727 2590 decani

332 2624 531 2722 turiusque
557 2621 709 2722 capituli
744 2621 912 2696 ecclesie
938 2631 1064 2694 nostro
1089 2618 1345 2715 Augustanus
1377 2615 1611 2714 beneplacito
1637 2635 1728 2689 eon·

340 2723 428 2797 silio
443 2719 628 2798 voluntate
646 2723 885 2798 conniucnoia
906 2733 941 2794 et
957 2743 1116 2794 assensu
1133 2717 1362 2818 sepedictum
1378 2714 1578 2792 neemiam
1600 2726 1741 2814 patro·

331 2821 496 2898 chinium
529 2823 565 2896 in
600 2819 791 2920 Wolpach
825 2823 859 2894 in
898 2821 1072 2898 vicariam
1105 2829 1317 2917 perpetuom
1351 2817 1569 2890 auctoritate
1601 2825 1729 2889 cosm
1817 2860 1819 2865 -

339 2917 527 3003 ordinaria
552 2926 738 3023 presentis
762 2923 892 3021 scripti
912 2921 1120 3020 patrocinio
1144 2917 1406 2992 confirmamus.
1448 2913 1664 2990 statuentes
1690 2925 1728 2988 et

338 3017 552 3098 ordinantes
579 3020 676 3119 qnod
702 3023 873 3096 sicarius
898 3015 1066 3096 eiusdem
1099 3043 1167 3118 pro
1200 3033 1363 3118 tompore
1396 3017 1563 3090 existens
1597 3013 1729 3088 babeat

341 3135 378 3197 et
403 3121 542 3198 habere
569 3121 701 3195 debent
728 3123 884 3196 maiores
911 3133 946 3194 et
973 3123 1130 3194 minores
1146 3119 1182 3190 in
1205 3117 1294 3190 uilla
1311 3129 1348 3190 et
1368 3117 1508 3214 campis
1525 3112 1728 3212 Wolpacb,

340 3233 571 3322 preterquam
597 3221 848 3321 infrascriptos
876 3245 955 3294 oum
982 3220 1147 3294 omnibus
1174 3228 1212 3290 et
1237 3217 1395 3314 singulis
1414 3213 1569 3288 Juribns
1595 3235 1728 3310 perro-

341 3321 522 3399 chialibus
549 3321 595 3396 ad
623 3323 820 3398 eeclesiam
854 3323 966 3422 ipsam
1003 3317 1272 3420 quomodolibet
1296 3295 1549 3414 spectauiibns
1578 3325 1615 3385 et
1640 3334 1728 3410 per-

339 3424 535 3498 tinentibus
563 3421 724 3496 decimas
750 3446 840 3519 quas
873 3419 1017 3520 quidem
1054 3415 1218 3491 decimas
1246 3414 1411 3488 iedditns
1445 3427 1483 3486 et
1524 3423 1726 3512 prouentus

339 3523 481 3598 vicario
516 3533 691 3622 perpetuo
726 3522 891 3596 ecclesie
925 3521 961 3592 in
990 3514 1176 3616 Woipaob
1212 3526 1250 3588 ut
1283 3512 1527 3614 hospitalitcm
1571 3532 1727 3584 seruare

338 3621 432 3698 Jnra
458 3621 685 3722 episcopalia
711 3635 747 3696 et
773 3615 1085 3695 archidiaconalia
1109 3643 1154 3692 ac
1179 3627 1326 3688 stcnras
1353 3614 1436 3686 siue
1458 3611 1635 3707 collectas
1661 3633 1727 3683 so-

339 3721 446 3798 luere
473 3733 509 3797 ct
536 3723 606 3798 alia
634 3721 886 3795 incumbencio
909 3742 1023 3794 onera
1042 3739 1258 3816 quecunque
1276 3736 1322 3788 eo
1337 3711 1488 3786 vberius
1504 3720 1725 3811 supportare

339 3821 465 3897 valeat
490 3846 556 3922 pro
584 3845 745 3920 congrua
770 3819 928 3919 singulis
955 3820 1060 3894 artonis
1087 3817 1276 3918 perpetuis
1302 3813 1525 3912 temporibus
1551 3813 1726 3912 porcione

341 3919 389 3998 de
418 3935 556 3998 utanrns
584 3935 620 3997 et
645 3923 876 4019 assignamus
903 3919 1082 3993 Preterea
1108 3918 1314 3991 ordinamus
1350 3909 1446 4010 quod
1471 3912 1634 3984 vicarius
1661 3931 1727 3982 oo·
1829 3932 1832 3938 ·

367 3949 441 4097 ebe
458 4025 559 4100 trinrn
579 4045 702 4120 regum
718 4020 819 4095 chori
830 4019 1080 4114 Angustensis
1097 4029 1313 4091 memoratus
1328 4011 1563 4087 habeutJure
1578 4009 1727 4083 usuario

339 4047 436 4196 dnos
463 4125 584 4198 curias
618 4121 774 4196 dotalem
807 4133 842 4194 et
881 4122 988 4194 aliano
1016 4117 1104 4192 dicti
1130 4113 1293 4191 Zebelin
1326 4113 1500 4212 superins
1534 4121 1725 4182 annotatos

339 4247 433 4322 quas
470 4247 536 4323 pro
570 4245 664 4298 nuno
698 4217 849 4295 cultinot
885 4233 921 4295 ct
955 4217 1121 4294 elaborat
1156 4215 1257 4291 Maio
1292 4213 1410 4287 dictus
1445 4209 1607 4309 Gogeiin
1646 4229 1730 4279 enm
