4209 5034
404 586 505 671 236
927 565 932 575 ¹
964 589 1238 676 Monumenta

401 819 498 897 modi
523 818 606 895 lore
638 817 780 894 Justam
815 832 852 896 et
887 842 1080 897 consonam
1117 824 1274 917 radoni,
1300 824 1556 923 volentesque
1588 820 1791 903 mandatnm

400 919 638 1023 apostolicum
653 920 759 994 nobis
784 918 828 993 ln
848 919 917 995 lrac
933 934 1038 1022 parte
1065 920 1241 998 directum
1266 918 1482 998 renerenter
1507 927 1644 1023 exequi
1668 936 1708 999 nt
1732 940 1792 1001 te·

400 1043 548 1106 nemur,
587 1020 671 1119 qnia
703 1031 772 1093 tam
799 1040 848 1093 ex
873 1021 1016 1095 Jnrium
1051 1033 1088 1098 et
1123 1026 1414 1098 munimentorum
1449 1046 1568 1097 coram
1608 1025 1714 1100 roobia
1752 1034 1792 1099 vt

307 1168 311 1174 -
399 1119 586 1221 prefertur
626 1116 878 1217 productorum
914 1144 1018 1219 quam
1063 1144 1113 1197 ex
1155 1124 1347 1197 summaria
1381 1121 1650 1199 Inlormacione
1687 1146 1794 1224 quam

399 1220 558 1320 plurium
593 1220 738 1293 testium
771 1215 846 1294 lide
882 1219 1074 1317 dignorum
1089 1252 1091 1255 ·
1106 1244 1174 1323 per
1210 1244 1279 1295 nos
1313 1233 1465 1322 recepta
1497 1222 1708 1297 Inuenimus
1747 1224 1791 1297 ln

400 1317 585 1394 antedicta
610 1318 718 1394 nobis
742 1317 867 1393 vltima
890 1318 987 1395 fecta
1014 1322 1270 1397 commissione
1293 1330 1461 1397 contenta
1479 1323 1635 1397 veritate
1655 1322 1791 1397 fnlciri.

276 1468 281 1478 -
385 1417 542 1493 -Icoirco
567 1418 783 1495 auctoritate
809 1418 1016 1519 apostolica
1040 1418 1165 1499 Nobis
1191 1420 1234 1495 ln
1262 1416 1332 1497 hac
1365 1432 1471 1521 parte
1497 1425 1688 1497 commissa
1720 1444 1790 1522 per

398 1517 472 1595 hoo
496 1539 654 1620 presens
679 1518 862 1617 publicum
888 1518 1046 1621 edictum
1073 1520 1115 1594 ln
1141 1521 1234 1595 locis
1261 1516 1359 1596 dicte
1386 1520 1550 1595 ecclesie
1569 1522 1788 1620 Augusteu-

399 1620 455 1693 sis
479 1620 614 1693 vicinis
647 1616 825 1693 videlicet
856 1618 968 1694 werd
1000 1618 1318 1696 Znsmarshwsen
1355 1618 1577 1720 Landsp'erg
1610 1631 1648 1695 et
1680 1620 1790 1696 Bair-

399 1717 642 1815 menchingen
669 1717 908 1793 ecclesiarum
933 1716 1217 1818 parrochialinm
1243 1720 1495 1819 Augustensis
1530 1719 1696 1797 diocesis
1721 1745 1791 1795 ua·

178 1817 180 1820 ’
294 1882 305 1887 -
356 1836 364 1847 “
399 1816 475 1891 luis
501 1841 571 1892 seu
596 1820 711 1917 portis
737 1816 960 1918 affigendum
985 1819 1241 1919 exequendum
1280 1832 1317 1895 et
1352 1815 1609 1919 publicandum
1643 1816 1790 1893 adhoc

400 1940 469 2019 per
493 1915 578 1992 Nos
604 1915 762 1992 electum
788 1928 825 1993 et
850 1917 1058 2018 deputatum
1086 1942 1131 1994 eo
1158 1915 1256 2019 quod
1287 1918 1335 1993 ad
1363 1921 1543 1993 ciuitatem
1568 1919 1789 2016 Angusten-
1898 1954 1906 1961 ·

401 2040 480 2091 sem
514 2027 552 2092 et
577 2016 778 2092 monendas
812 2015 995 2093 hnismodi
1028 2042 1095 2120 pro
1134 2019 1318 2094 literarum
1354 2030 1391 2094 et
1426 2040 1668 2119 processuum
1701 2042 1791 2119 pre-

401 2115 582 2193 dictorum
608 2119 840 2193 execucioue
865 2132 964 2193 tutos
997 2142 1070 2192 non
1102 2128 1224 2219 pateat
1256 2140 1455 2208 accessus,
1493 2116 1541 2192 de
1576 2140 1646 2217 qno
1680 2118 1789 2192 suffi-

402 2217 542 2292 cienter
584 2228 621 2291 et
658 2214 823 2315 legitime
869 2240 992 2294 coram
1036 2218 1143 2293 nobis
1185 2217 1354 2292 edoctum
1392 2219 1512 2291 extitit
1553 2212 1788 2317 supradictas

398 2316 527 2392 literas
553 2317 778 2418 apostolicas
803 2328 841 2393 et
864 2316 962 2393 horno
988 2326 1149 2391 nostrum
1175 2340 1391 2416 processum
1423 2340 1468 2392 ac
1505 2320 1620 2391 omnia
1646 2328 1684 2391 et
1708 2318 1788 2391 sin-

399 2415 489 2515 gula
514 2416 557 2491 In
585 2419 643 2492 eis
670 2417 970 2493 contenta'vobis
997 2417 1176 2503 omnibus,
1200 2428 1238 2491 et
1262 2416 1421 2515 singulis
1446 2414 1670 2517 supradictis
1695 2416 1789 2490 Inti-

399 2541 534 2591 mamus
573 2516 804 2593 Insinoamns
843 2529 881 2592 et
906 2515 1134 2591 notificamus
1160 2538 1205 2591 ac
1230 2512 1287 2591 'ad
1312 2524 1472 2591 vestram
1512 2526 1548 2590 et
1589 2515 1789 2590 cuiuslibet

397 2628 560 2693 vestrum
586 2618 756 2693 noticiam
783 2611 1000 2692 deducimus
1034 2626 1071 2689 et
1106 2612 1241 2689 deduci
1275 2614 1445 2691 volumus
1504 2637 1546 2689 er
1577 2625 1786 2715 presentes.

397 2713 684 2816 Procesausqne
716 2738 784 2816 per
815 2718 934 2815 ipsum
967 2710 1147 2788 dominum
1180 2712 1420 2789 Anshelmum
1453 2640 1502 2789 dl

398 2838 524 2891 omnes
560 2812 732 2913 singulos
767 2836 881 2914 snpra
922 2822 959 2886 et
994 2812 1258 2912 Infrascriptos
1296 2811 1441 2889 habitos
1479 2838 1525 2889 ac
1560 2812 1787 2905 Sentencias
1842 2880 1846 2887 .

260 2944 268 2951 ·
400 2936 639 3013 quascunque
665 2912 709 2986 ln
734 2934 803 2987 eos
830 2933 1028 3008 eorumque
1054 2932 1099 2986 ac
1124 2910 1209 2986 loca
1234 2912 1308 2986 alia
1332 2915 1401 2989 rite
1427 2914 1521 2989 latas
1543 2914 1641 2990 dicta
1655 2922 1789 2991 aucto·

398 3016 505 3090 ritate
530 3013 574 3087 In
600 3034 670 3087 suo
696 3011 828 3087 robore
853 3010 1024 3087 volumus
1050 3030 1266 3112 permanere
1297 3036 1344 3089 ac
1375 3012 1524 3089 firmiter
1556 3026 1593 3090 et
1618 3014 1786 3091 districte

369 3138 467 3216 'per
501 3135 573 3188 vos
608 3122 644 3188 et
677 3112 864 3213 quenlibet
893 3120 1056 3186 vestrum
1092 3119 1127 3186 et
1160 3116 1351 3212 presertim
1384 3134 1509 3191 carries
1545 3125 1583 3191 et
1615 3116 1785 3213 singulos

395 3237 465 3317 per
491 3211 687 3292 Ciuitatem
724 3224 761 3289 et
787 3211 965 3286 diocesim
1000 3221 1145 3287 nostras
1171 3212 1411 3311 Maguntinas
1437 3238 1482 3290 ac
1508 3218 1613 3290 etiam
1638 3210 1785 3291 Ciuita-

361 3314 467 3391 'tem
506 3327 543 3391 et
574 3310 754 3389 diocesim
787 3312 1065 3419 Augustensem
1089 3310 1288 3485 predictas
1323 3316 1537 3390 constitutas
1571 3314 1639 3389 snb
1673 3317 1784 3415 penis

397 3428 433 3491 et
471 3415 674 3492 sentenciis
710 3411 965 3511 Inirascriptis
1007 3436 1087 3486 nien
1113 3435 1215 3487 amns
1256 3415 1447 3489 observari
1484 3426 1523 3487 et
1562 3416 1784 3490 execncioni

395 3511 520 3590 debite
546 3509 760 3589 demandari
784 3520 891 3612 prout
923 3518 961 3585 et
992 3508 1079 3587 Nos
1110 3520 1275 3587 tenemus
1310 3514 1549 3590 obserunmns
1576 3524 1613 3588 et
1637 3535 1783 3590 execu-

340 3627 347 3644 “
395 3615 492 3691 cioni
519 3608 642 3687 debite
667 3613 891 3710 presentium
916 3620 1046 3687 tenore
1072 3607 1332 3689 demandamus
1363 3612 1413 3688 nt
1438 3609 1671 3687 nihilominus
1697 3616 1783 3713 quia

393 3737 467 3788 vno
492 3713 629 3811 ligatus
654 3710 820 3789 Vincnlo
846 3711 953 3785 etiam
986 3710 1058 3787 alio
1084 3712 1195 3810 ligari
1228 3723 1350 3811 potest
1373 3724 1413 3788 vt
1438 3712 1482 3787 ln
1507 3708 1683 3787 sordibus
1700 3736 1782 3788 ex·

270 3809 274 3813 '
392 3814 511 3889 istens
536 3812 692 3913 amplius
717 3810 913 3888 sordescat
946 3834 1015 3911 per
1044 3810 1250 3888 huiusmodi
1284 3810 1441 3887 edictum
1468 3810 1576 3887 modo
1601 3824 1639 3887 et
1663 3811 1782 3889 forma

393 3908 1781 4110 ttilt'ttttdttlttttitllffltdttttt„ltitttttlttttttt

395 4110 644 4189 'ecclesiensis
671 4112 833 4190 diocesis
848 4111 1072 4187 Narciscnm
1092 4110 1288 4187 Nicolaum
1306 4110 1547 4187 Willrelmum
1572 4108 1781 4185 Erhnrdnm

371 4208 656 4315 marquardum
681 4214 860 4292 Joannem
874 4210 1073 4289 Nicolaum
1098 4221 1134 4288 et
1158 4208 1337 4288 Joannem
1358 4234 1404 4288 ac
1430 4210 1526 4286 alios
1543 4208 1779 4311 supradictos

1505 2726 1623 2791 ectum
1654 2724 1784 2791 contra
1917 2716 1923 2725 ’
