<?xml version="1.0" encoding="UTF-8"?>
<!DOCTYPE html PUBLIC "-//W3C//DTD XHTML 1.0 Transitional//EN"
    "http://www.w3.org/TR/xhtml1/DTD/xhtml1-transitional.dtd">
<html xmlns="http://www.w3.org/1999/xhtml" xml:lang="en" lang="en">
 <head>
  <title>
</title>
<meta http-equiv="Content-Type" content="text/html;charset=utf-8" />
  <meta name='ocr-system' content='tesseract 3.04.00' />
  <meta name='ocr-capabilities' content='ocr_page ocr_carea ocr_par ocr_line ocrx_word'/>
</head>
<body>
  <div class='ocr_page' id='page_1' title='image "./monumentaboicae20landgoog_0238.png"; bbox 0 0 4209 5034; ppageno 0'>
   <div class='ocr_carea' id='block_1_1' title="bbox 771 466 1732 609">
    <p class='ocr_par' dir='ltr' id='par_1_1' title="bbox 771 466 1732 609">
     <span class='ocr_line' id='line_1_1' title="bbox 771 466 1732 609; baseline 0.008 -35"><span class='ocrx_word' id='word_1_1' title='bbox 771 492 1038 599; x_wconf 66' lang='lat' dir='ltr'><strong>episcpous</strong></span> <span class='ocrx_word' id='word_1_2' title='bbox 1066 496 1318 609; x_wconf 77' lang='lat' dir='ltr'><strong>nugmunu</strong></span> <span class='ocrx_word' id='word_1_3' title='bbox 1539 466 1553 487; x_wconf 80' lang='grc'><strong>”</strong></span> <span class='ocrx_word' id='word_1_4' title='bbox 1632 492 1732 583; x_wconf 72' lang='lat' dir='ltr'><strong>ost</strong></span> 
     </span>
    </p>
   </div>
   <div class='ocr_carea' id='block_1_2' title="bbox 323 720 1783 2045">
    <p class='ocr_par' dir='ltr' id='par_1_2' title="bbox 323 720 1783 2045">
     <span class='ocr_line' id='line_1_2' title="bbox 343 720 1733 829; baseline 0.004 -29"><span class='ocrx_word' id='word_1_5' title='bbox 343 723 410 800; x_wconf 82' lang='lat' dir='ltr'><strong>vel</strong></span> <span class='ocrx_word' id='word_1_6' title='bbox 433 744 561 799; x_wconf 85' lang='lat' dir='ltr'><strong>corum</strong></span> <span class='ocrx_word' id='word_1_7' title='bbox 587 724 728 823; x_wconf 77' lang='lat' dir='ltr'><strong>atiquo,</strong></span> <span class='ocrx_word' id='word_1_8' title='bbox 760 723 807 817; x_wconf 78' lang='lat' dir='ltr'><strong>¹ln</strong></span> <span class='ocrx_word' id='word_1_9' title='bbox 833 720 1036 800; x_wconf 79' lang='lat' dir='ltr'><strong>eorundem</strong></span> <span class='ocrx_word' id='word_1_10' title='bbox 1062 723 1259 827; x_wconf 88' lang='lat' dir='ltr'><strong>preiudicii</strong></span> <span class='ocrx_word' id='word_1_11' title='bbox 1297 736 1335 802; x_wconf 84' lang='lat' dir='ltr'><strong>ei</strong></span> <span class='ocrx_word' id='word_1_12' title='bbox 1365 720 1511 829; x_wconf 83' lang='lat' dir='ltr'><strong>jociure</strong></span> <span class='ocrx_word' id='word_1_13' title='bbox 1537 728 1733 807; x_wconf 76' lang='lat' dir='ltr'><strong>lomentum</strong></span> 
     </span>
     <span class='ocr_line' id='line_1_3' title="bbox 344 818 1732 926; baseline 0.003 -27"><span class='ocrx_word' id='word_1_14' title='bbox 344 825 521 899; x_wconf 79' lang='lat' dir='ltr'><strong>auxilium</strong></span> <span class='ocrx_word' id='word_1_15' title='bbox 544 826 740 899; x_wconf 80' lang='lat' dir='ltr'><strong>eorrsiiinm</strong></span> <span class='ocrx_word' id='word_1_16' title='bbox 766 825 943 926; x_wconf 74' lang='lat' dir='ltr'><strong>prebeant</strong></span> <span class='ocrx_word' id='word_1_17' title='bbox 968 818 1240 925; x_wconf 68' lang='lat' dir='ltr'><strong>quomodolibet</strong></span> <span class='ocrx_word' id='word_1_18' title='bbox 1278 828 1340 901; x_wconf 84' lang='lat' dir='ltr'><strong>rel</strong></span> <span class='ocrx_word' id='word_1_19' title='bbox 1374 829 1541 908; x_wconf 82' lang='lat' dir='ltr'><strong>lenonem</strong></span> <span class='ocrx_word' id='word_1_20' title='bbox 1572 830 1643 905; x_wconf 86' lang='lat' dir='ltr'><strong>sub</strong></span> <span class='ocrx_word' id='word_1_21' title='bbox 1676 832 1732 904; x_wconf 81' lang='lat' dir='ltr'><strong>si-</strong></span> 
     </span>
     <span class='ocr_line' id='line_1_4' title="bbox 343 926 1738 1008; baseline 0.001 -7"><span class='ocrx_word' id='word_1_22' title='bbox 343 926 494 1001; x_wconf 83' lang='lat' dir='ltr'><strong>milibus·</strong></span> <span class='ocrx_word' id='word_1_23' title='bbox 514 928 714 1000; x_wconf 76' lang='lat' dir='ltr'>sentenciis</span> <span class='ocrx_word' id='word_1_24' title='bbox 742 939 779 1000; x_wconf 88' lang='lat' dir='ltr'><strong>et</strong></span> <span class='ocrx_word' id='word_1_25' title='bbox 802 926 975 1000; x_wconf 83' lang='lat' dir='ltr'><strong>censuris</strong></span> <span class='ocrx_word' id='word_1_26' title='bbox 1006 948 1054 1001; x_wconf 86' lang='lat' dir='ltr'><strong>so</strong></span> <span class='ocrx_word' id='word_1_27' title='bbox 1081 928 1189 1001; x_wconf 80' lang='lat' dir='ltr'><strong>etism</strong></span> <span class='ocrx_word' id='word_1_28' title='bbox 1215 926 1473 1008; x_wconf 81' lang='lat' dir='ltr'><strong>beneficiorum</strong></span> <span class='ocrx_word' id='word_1_29' title='bbox 1499 928 1738 1005; x_wconf 52' lang='lat' dir='ltr'><strong>ecclesiaste·</strong></span> 
     </span>
     <span class='ocr_line' id='line_1_5' title="bbox 346 1022 1734 1127; baseline 0.003 -27"><span class='ocrx_word' id='word_1_30' title='bbox 346 1046 472 1100; x_wconf 87' lang='lat' dir='ltr'><strong>corum</strong></span> <span class='ocrx_word' id='word_1_31' title='bbox 498 1032 590 1100; x_wconf 90' lang='lat' dir='ltr'><strong>cum&#39;</strong></span> <span class='ocrx_word' id='word_1_32' title='bbox 607 1050 696 1099; x_wconf 80' lang='lat' dir='ltr'><strong>oure</strong></span> <span class='ocrx_word' id='word_1_33' title='bbox 727 1025 790 1099; x_wconf 83' lang='lat' dir='ltr'><strong>rel</strong></span> <span class='ocrx_word' id='word_1_34' title='bbox 811 1026 906 1099; x_wconf 80' lang='lat' dir='ltr'><strong>&#39;sine</strong></span> <span class='ocrx_word' id='word_1_35' title='bbox 939 1046 1030 1100; x_wconf 85' lang='lat' dir='ltr'><strong>cors</strong></span> <span class='ocrx_word' id='word_1_36' title='bbox 1061 1026 1303 1125; x_wconf 85' lang='lat' dir='ltr'><strong>quorumlibet</strong></span> <span class='ocrx_word' id='word_1_37' title='bbox 1327 1030 1433 1104; x_wconf 86' lang='lat' dir='ltr'><strong>etism</strong></span> <span class='ocrx_word' id='word_1_38' title='bbox 1458 1032 1502 1104; x_wconf 76' lang='lat' dir='ltr'><strong>&#39;si</strong></span> <span class='ocrx_word' id='word_1_39' title='bbox 1534 1022 1734 1127; x_wconf 73' lang='lat' dir='ltr'><strong>dignitates</strong></span> 
     </span>
     <span class='ocr_line' id='line_1_6' title="bbox 342 1123 1735 1229; baseline 0.004 -30"><span class='ocrx_word' id='word_1_40' title='bbox 342 1138 565 1223; x_wconf 80' lang='lat' dir='ltr'><strong>personatus</strong></span> <span class='ocrx_word' id='word_1_41' title='bbox 591 1150 660 1199; x_wconf 89' lang='lat' dir='ltr'><strong>sen</strong></span> <span class='ocrx_word' id='word_1_42' title='bbox 692 1124 813 1199; x_wconf 82' lang='lat' dir='ltr'><strong>officis</strong></span> <span class='ocrx_word' id='word_1_43' title='bbox 845 1123 983 1199; x_wconf 87' lang='lat' dir='ltr'><strong>luerint</strong></span> <span class='ocrx_word' id='word_1_44' title='bbox 1015 1131 1157 1200; x_wconf 86' lang='lat' dir='ltr'><strong>necnon</strong></span> <span class='ocrx_word' id='word_1_45' title='bbox 1192 1126 1385 1203; x_wconf 80' lang='lat' dir='ltr'><strong>leudunum</strong></span> <span class='ocrx_word' id='word_1_46' title='bbox 1418 1142 1526 1229; x_wconf 82' lang='lat' dir='ltr'><strong>etque</strong></span> <span class='ocrx_word' id='word_1_47' title='bbox 1550 1130 1735 1205; x_wconf 73' lang='lat' dir='ltr'><strong>bonorum</strong></span> 
     </span>
     <span class='ocr_line' id='line_1_7' title="bbox 346 1218 1736 1325; baseline 0.003 -27"><span class='ocrx_word' id='word_1_48' title='bbox 346 1218 476 1325; x_wconf 84' lang='lat' dir='ltr'><strong>que&#39;s</strong></span> <span class='ocrx_word' id='word_1_49' title='bbox 510 1225 705 1324; x_wconf 84' lang='lat' dir='ltr'><strong>quibusnis</strong></span> <span class='ocrx_word' id='word_1_50' title='bbox 740 1223 922 1299; x_wconf 88' lang='lat' dir='ltr'><strong>ecclesiis</strong></span> <span class='ocrx_word' id='word_1_51' title='bbox 960 1226 1191 1305; x_wconf 68' lang='lat' dir='ltr'><strong>monasteriis</strong></span> <span class='ocrx_word' id='word_1_52' title='bbox 1225 1230 1307 1302; x_wconf 83' lang='lat' dir='ltr'><strong>siue</strong></span> <span class='ocrx_word' id='word_1_53' title='bbox 1338 1229 1424 1303; x_wconf 86' lang='lat' dir='ltr'><strong>slils</strong></span> <span class='ocrx_word' id='word_1_54' title='bbox 1460 1226 1736 1304; x_wconf 80' lang='lat' dir='ltr'><strong>ecclesiasticis</strong></span> 
     </span>
     <span class='ocr_line' id='line_1_8' title="bbox 344 1321 1736 1426; baseline 0.001 -26"><span class='ocrx_word' id='word_1_55' title='bbox 344 1326 445 1400; x_wconf 91' lang='lat' dir='ltr'><strong>locis</strong></span> <span class='ocrx_word' id='word_1_56' title='bbox 469 1338 555 1401; x_wconf 88' lang='lat' dir='ltr'><strong>tune</strong></span> <span class='ocrx_word' id='word_1_57' title='bbox 581 1321 851 1425; x_wconf 79' lang='lat' dir='ltr'><strong>quomodolibet</strong></span> <span class='ocrx_word' id='word_1_58' title='bbox 877 1325 1105 1416; x_wconf 87' lang='lat' dir='ltr'><strong>obtinebunt,</strong></span> <span class='ocrx_word' id='word_1_59' title='bbox 1143 1326 1357 1423; x_wconf 80' lang='lat' dir='ltr'><strong>prisseione</strong></span> <span class='ocrx_word' id='word_1_60' title='bbox 1382 1326 1736 1426; x_wconf 82' lang='lat' dir='ltr'><strong>lusbilitscionequo</strong></span> 
     </span>
     <span class='ocr_line' id='line_1_9' title="bbox 345 1422 1736 1527; baseline 0.002 -26"><span class='ocrx_word' id='word_1_61' title='bbox 345 1422 397 1501; x_wconf 81' lang='lat' dir='ltr'><strong>sd</strong></span> <span class='ocrx_word' id='word_1_62' title='bbox 421 1424 488 1499; x_wconf 79' lang='lat' dir='ltr'><strong>ille</strong></span> <span class='ocrx_word' id='word_1_63' title='bbox 514 1428 708 1525; x_wconf 80' lang='lat' dir='ltr'><strong>ctqneuis</strong></span> <span class='ocrx_word' id='word_1_64' title='bbox 734 1427 806 1499; x_wconf 84' lang='lat' dir='ltr'><strong>siis</strong></span> <span class='ocrx_word' id='word_1_65' title='bbox 831 1424 1011 1498; x_wconf 85' lang='lat' dir='ltr'><strong>beneilnis</strong></span> <span class='ocrx_word' id='word_1_66' title='bbox 1035 1434 1073 1498; x_wconf 88' lang='lat' dir='ltr'><strong>et</strong></span> <span class='ocrx_word' id='word_1_67' title='bbox 1097 1426 1192 1499; x_wconf 81' lang='lat' dir='ltr'><strong>bons</strong></span> <span class='ocrx_word' id='word_1_68' title='bbox 1209 1427 1471 1501; x_wconf 86' lang='lat' dir='ltr'><strong>eeclesinstios</strong></span> <span class='ocrx_word' id='word_1_69' title='bbox 1493 1438 1603 1527; x_wconf 77' lang='lat' dir='ltr'><strong>etque</strong></span> <span class='ocrx_word' id='word_1_70' title='bbox 1621 1426 1736 1504; x_wconf 75' lang='lat' dir='ltr'><strong>leudo</strong></span> 
     </span>
     <span class='ocr_line' id='line_1_10' title="bbox 323 1522 1736 1627; baseline 0.001 -28"><span class='ocrx_word' id='word_1_71' title='bbox 323 1526 526 1627; x_wconf 83' lang='lat' dir='ltr'><strong>per&#39;illos</strong></span> <span class='ocrx_word' id='word_1_72' title='bbox 551 1526 792 1624; x_wconf 88' lang='lat' dir='ltr'><strong>imposterum</strong></span> <span class='ocrx_word' id='word_1_73' title='bbox 818 1522 1016 1598; x_wconf 77' lang='lat' dir='ltr'><strong>obtinenda</strong></span> <span class='ocrx_word' id='word_1_74' title='bbox 1040 1544 1185 1599; x_wconf 86' lang='lat' dir='ltr'><strong>necnon</strong></span> <span class='ocrx_word' id='word_1_75' title='bbox 1209 1526 1295 1600; x_wconf 79' lang='lat' dir='ltr'><strong>silis</strong></span> <span class='ocrx_word' id='word_1_76' title='bbox 1332 1524 1381 1601; x_wconf 91' lang='lat' dir='ltr'><strong>de</strong></span> <span class='ocrx_word' id='word_1_77' title='bbox 1414 1528 1545 1627; x_wconf 78' lang='lat' dir='ltr'>qulbus</span> <span class='ocrx_word' id='word_1_78' title='bbox 1577 1526 1643 1600; x_wconf 90' lang='lat' dir='ltr'><strong>tibi</strong></span> <span class='ocrx_word' id='word_1_79' title='bbox 1677 1529 1736 1600; x_wconf 79' lang='lat' dir='ltr'><strong>vi·</strong></span> 
     </span>
     <span class='ocr_line' id='line_1_11' title="bbox 346 1624 1735 1725; baseline 0.001 -26"><span class='ocrx_word' id='word_1_80' title='bbox 346 1624 494 1699; x_wconf 88' lang='lat' dir='ltr'><strong>debitur</strong></span> <span class='ocrx_word' id='word_1_81' title='bbox 518 1628 638 1717; x_wconf 83' lang='lat' dir='ltr'><strong>pernis,</strong></span> <span class='ocrx_word' id='word_1_82' title='bbox 664 1628 880 1700; x_wconf 75' lang='lat' dir='ltr'><strong>auctoritate</strong></span> <span class='ocrx_word' id='word_1_83' title='bbox 905 1638 1031 1699; x_wconf 85' lang='lat' dir='ltr'><strong>nostro</strong></span> <span class='ocrx_word' id='word_1_84' title='bbox 1057 1648 1207 1699; x_wconf 69' lang='lat' dir='ltr'><strong>moneas</strong></span> <span class='ocrx_word' id='word_1_85' title='bbox 1234 1635 1272 1701; x_wconf 84' lang='lat' dir='ltr'><strong>et</strong></span> <span class='ocrx_word' id='word_1_86' title='bbox 1296 1629 1474 1725; x_wconf 78' lang='lat' dir='ltr'><strong>requiras,</strong></span> <span class='ocrx_word' id='word_1_87' title='bbox 1499 1625 1657 1725; x_wconf 79' lang='lat' dir='ltr'><strong>illosque</strong></span> <span class='ocrx_word' id='word_1_88' title='bbox 1684 1646 1735 1699; x_wconf 79' lang='lat' dir='ltr'><strong>ert</strong></span> 
     </span>
     <span class='ocr_line' id='line_1_12' title="bbox 344 1720 1735 1897; baseline 0 -96"><span class='ocrx_word' id='word_1_89' title='bbox 344 1729 403 1801; x_wconf 88' lang='lat' dir='ltr'><strong>eis</strong></span> <span class='ocrx_word' id='word_1_90' title='bbox 425 1748 522 1823; x_wconf 79' lang='lat' dir='ltr'><strong>quas</strong></span> <span class='ocrx_word' id='word_1_91' title='bbox 548 1728 654 1799; x_wconf 86' lang='lat' dir='ltr'><strong>etism</strong></span> <span class='ocrx_word' id='word_1_92' title='bbox 678 1728 874 1799; x_wconf 77' lang='lat' dir='ltr'><strong>summarie</strong></span> <span class='ocrx_word' id='word_1_93' title='bbox 898 1724 1112 1823; x_wconf 79' lang='lat' dir='ltr'><strong>sinpliciter</strong></span> <span class='ocrx_word' id='word_1_94' title='bbox 1136 1738 1174 1799; x_wconf 86' lang='lat' dir='ltr'><strong>et</strong></span> <span class='ocrx_word' id='word_1_95' title='bbox 1201 1720 1252 1799; x_wconf 88' lang='lat' dir='ltr'><strong>de</strong></span> <span class='ocrx_word' id='word_1_96' title='bbox 1276 1726 1385 1825; x_wconf 85' lang='lat' dir='ltr'><strong>plsno</strong></span> <span class='ocrx_word' id='word_1_97' title='bbox 1410 1748 1456 1801; x_wconf 83' lang='lat' dir='ltr'><strong>sc</strong></span> <span class='ocrx_word' id='word_1_98' title='bbox 1477 1726 1559 1799; x_wconf 89' lang='lat' dir='ltr'><strong>sine</strong></span> <span class='ocrx_word' id='word_1_99' title='bbox 1580 1726 1735 1897; x_wconf 68' lang='lat' dir='ltr'><strong>streflpitu</strong></span> 
     </span>
     <span class='ocr_line' id='line_1_13' title="bbox 345 1823 1735 1923; baseline 0.001 -26"><span class='ocrx_word' id='word_1_100' title='bbox 345 1838 383 1901; x_wconf 83' lang='lat' dir='ltr'><strong>et</strong></span> <span class='ocrx_word' id='word_1_101' title='bbox 409 1824 531 1923; x_wconf 81' lang='lat' dir='ltr'><strong>figure</strong></span> <span class='ocrx_word' id='word_1_102' title='bbox 554 1824 694 1899; x_wconf 87' lang='lat' dir='ltr'><strong>Judicii</strong></span> <span class='ocrx_word' id='word_1_103' title='bbox 720 1823 927 1898; x_wconf 83' lang='lat' dir='ltr'><strong>huiusmodi</strong></span> <span class='ocrx_word' id='word_1_104' title='bbox 953 1825 1026 1897; x_wconf 85' lang='lat' dir='ltr'><strong>iuis</strong></span> <span class='ocrx_word' id='word_1_105' title='bbox 1060 1826 1298 1923; x_wconf 83' lang='lat' dir='ltr'><strong>requisicioni</strong></span> <span class='ocrx_word' id='word_1_106' title='bbox 1331 1836 1370 1901; x_wconf 85' lang='lat' dir='ltr'><strong>ei</strong></span> <span class='ocrx_word' id='word_1_107' title='bbox 1400 1828 1593 1901; x_wconf 81' lang='lat' dir='ltr'><strong>municioni</strong></span> <span class='ocrx_word' id='word_1_108' title='bbox 1618 1848 1641 1900; x_wconf 87' lang='lat' dir='ltr'><strong>e</strong></span> <span class='ocrx_word' id='word_1_109' title='bbox 1669 1844 1735 1899; x_wconf 85' lang='lat' dir='ltr'><strong>ec-</strong></span> 
     </span>
     <span class='ocr_line' id='line_1_14' title="bbox 342 1924 1783 2045; baseline -0.002 -45"><span class='ocrx_word' id='word_1_110' title='bbox 342 1924 492 2000; x_wconf 82' lang='lat' dir='ltr'><strong>tusiiter</strong></span> <span class='ocrx_word' id='word_1_111' title='bbox 524 1948 595 1999; x_wconf 93' lang='lat' dir='ltr'><strong>nou</strong></span> <span class='ocrx_word' id='word_1_112' title='bbox 627 1927 801 2024; x_wconf 81' lang='lat' dir='ltr'><strong>paruisse</strong></span> <span class='ocrx_word' id='word_1_113' title='bbox 834 1925 1048 2025; x_wconf 76' lang='lat' dir='ltr'><strong>reppereris</strong></span> <span class='ocrx_word' id='word_1_114' title='bbox 1081 1927 1293 1999; x_wconf 80' lang='lat' dir='ltr'><strong>semenoiss</strong></span> <span class='ocrx_word' id='word_1_115' title='bbox 1328 1948 1507 2001; x_wconf 79' lang='lat' dir='ltr'><strong>censuros</strong></span> <span class='ocrx_word' id='word_1_116' title='bbox 1543 1938 1580 2001; x_wconf 89' lang='lat' dir='ltr'><strong>et</strong></span> <span class='ocrx_word' id='word_1_117' title='bbox 1616 1946 1734 2045; x_wconf 80' lang='lat' dir='ltr'><strong>penes</strong></span> <span class='ocrx_word' id='word_1_118' title='bbox 1778 2006 1783 2017; x_wconf 31' lang='lat'>¹</span> 
     </span>
    </p>
   </div>
   <div class='ocr_carea' id='block_1_3' title="bbox 341 2022 1905 2129">
    <p class='ocr_par' dir='ltr' id='par_1_3' title="bbox 341 2022 1905 2129">
     <span class='ocr_line' id='line_1_15' title="bbox 341 2022 1905 2129; baseline 0 -31"><span class='ocrx_word' id='word_1_119' title='bbox 341 2025 555 2129; x_wconf 78' lang='lat' dir='ltr'><strong>predictas,</strong></span> <span class='ocrx_word' id='word_1_120' title='bbox 588 2024 699 2126; x_wconf 87' lang='lat' dir='ltr'><strong>Ipsos</strong></span> <span class='ocrx_word' id='word_1_121' title='bbox 734 2038 931 2125; x_wconf 79' lang='lat' dir='ltr'><strong>propterea</strong></span> <span class='ocrx_word' id='word_1_122' title='bbox 957 2022 1228 2123; x_wconf 81' lang='lat' dir='ltr'><strong>quomodolibet</strong></span> <span class='ocrx_word' id='word_1_123' title='bbox 1261 2028 1517 2125; x_wconf 82' lang='lat' dir='ltr'><strong>contingentes</strong></span> <span class='ocrx_word' id='word_1_124' title='bbox 1551 2024 1735 2101; x_wconf 80' lang='lat' dir='ltr'><strong>incidisse</strong></span> <span class='ocrx_word' id='word_1_125' title='bbox 1775 2105 1781 2113; x_wconf 56' lang='grc'><strong>,</strong></span> <span class='ocrx_word' id='word_1_126' title='bbox 1902 2029 1905 2037; x_wconf 90' lang='grc'><strong>’</strong></span> 
     </span>
    </p>
   </div>
   <div class='ocr_carea' id='block_1_4' title="bbox 340 2118 1737 3921">
    <p class='ocr_par' dir='ltr' id='par_1_4' title="bbox 343 2118 1737 2623">
     <span class='ocr_line' id='line_1_16' title="bbox 343 2118 1734 2227; baseline -0.001 -28"><span class='ocrx_word' id='word_1_127' title='bbox 343 2125 521 2199; x_wconf 77' lang='lat' dir='ltr'><strong>declares</strong></span> <span class='ocrx_word' id='word_1_128' title='bbox 554 2148 599 2199; x_wconf 78' lang='lat' dir='ltr'><strong>sc</strong></span> <span class='ocrx_word' id='word_1_129' title='bbox 633 2122 753 2200; x_wconf 90' lang='lat' dir='ltr'><strong>donec</strong></span> <span class='ocrx_word' id='word_1_130' title='bbox 786 2136 823 2199; x_wconf 88' lang='lat' dir='ltr'><strong>et</strong></span> <span class='ocrx_word' id='word_1_131' title='bbox 856 2146 1047 2223; x_wconf 78' lang='lat' dir='ltr'><strong>quousque</strong></span> <span class='ocrx_word' id='word_1_132' title='bbox 1072 2118 1280 2199; x_wconf 87' lang='lat' dir='ltr'><strong>huiusmodi</strong></span> <span class='ocrx_word' id='word_1_133' title='bbox 1314 2129 1387 2200; x_wconf 90' lang='lat' dir='ltr'><strong>luis</strong></span> <span class='ocrx_word' id='word_1_134' title='bbox 1421 2126 1658 2227; x_wconf 89' lang='lat' dir='ltr'><strong>requisicioui</strong></span> <span class='ocrx_word' id='word_1_135' title='bbox 1696 2136 1734 2201; x_wconf 87' lang='lat' dir='ltr'><strong>et</strong></span> 
     </span>
     <span class='ocr_line' id='line_1_17' title="bbox 343 2222 1735 2325; baseline -0.003 -24"><span class='ocrx_word' id='word_1_136' title='bbox 343 2224 541 2301; x_wconf 85' lang='lat' dir='ltr'><strong>monicioni</strong></span> <span class='ocrx_word' id='word_1_137' title='bbox 566 2226 716 2299; x_wconf 75' lang='lat' dir='ltr'><strong>realiter</strong></span> <span class='ocrx_word' id='word_1_138' title='bbox 742 2228 930 2325; x_wconf 77' lang='lat' dir='ltr'><strong>paruerint</strong></span> <span class='ocrx_word' id='word_1_139' title='bbox 953 2238 994 2298; x_wconf 81' lang='lat' dir='ltr'><strong>vt</strong></span> <span class='ocrx_word' id='word_1_140' title='bbox 1016 2222 1203 2322; x_wconf 78' lang='lat' dir='ltr'><strong>prefertur</strong></span> <span class='ocrx_word' id='word_1_141' title='bbox 1228 2227 1560 2301; x_wconf 77' lang='lat' dir='ltr'><strong>excommunicatas</strong></span> <span class='ocrx_word' id='word_1_142' title='bbox 1586 2222 1735 2325; x_wconf 86' lang='lat' dir='ltr'><strong>publice</strong></span> 
     </span>
     <span class='ocr_line' id='line_1_18' title="bbox 344 2321 1736 2425; baseline -0.002 -27"><span class='ocrx_word' id='word_1_143' title='bbox 344 2324 561 2413; x_wconf 81' lang='lat' dir='ltr'><strong>denuncies,</strong></span> <span class='ocrx_word' id='word_1_144' title='bbox 587 2344 633 2398; x_wconf 84' lang='lat' dir='ltr'><strong>cc</strong></span> <span class='ocrx_word' id='word_1_145' title='bbox 658 2324 776 2399; x_wconf 78' lang='lat' dir='ltr'><strong>iacias</strong></span> <span class='ocrx_word' id='word_1_146' title='bbox 794 2324 1009 2398; x_wconf 80' lang='lat' dir='ltr'><strong>denunciari</strong></span> <span class='ocrx_word' id='word_1_147' title='bbox 1034 2325 1081 2397; x_wconf 84' lang='lat' dir='ltr'><strong>sb</strong></span> <span class='ocrx_word' id='word_1_148' title='bbox 1109 2324 1194 2397; x_wconf 83' lang='lat' dir='ltr'><strong>tiliis</strong></span> <span class='ocrx_word' id='word_1_149' title='bbox 1215 2327 1353 2399; x_wconf 71' lang='lat' dir='ltr'><strong>arctim</strong></span> <span class='ocrx_word' id='word_1_150' title='bbox 1368 2346 1512 2425; x_wconf 88' lang='lat' dir='ltr'><strong>quoque</strong></span> <span class='ocrx_word' id='word_1_151' title='bbox 1535 2321 1736 2421; x_wconf 78' lang='lat' dir='ltr'><strong>esingnlis</strong></span> 
     </span>
     <span class='ocr_line' id='line_1_19' title="bbox 344 2418 1735 2523; baseline -0.003 -25"><span class='ocrx_word' id='word_1_152' title='bbox 344 2426 497 2500; x_wconf 67' lang='lat' dir='ltr'><strong>ubilibet</strong></span> <span class='ocrx_word' id='word_1_153' title='bbox 525 2426 667 2498; x_wconf 78' lang='lat' dir='ltr'><strong>coitari.</strong></span> <span class='ocrx_word' id='word_1_154' title='bbox 718 2423 769 2497; x_wconf 79' lang='lat' dir='ltr'><strong>lli</strong></span> <span class='ocrx_word' id='word_1_155' title='bbox 794 2422 1025 2496; x_wconf 86' lang='lat' dir='ltr'><strong>nibilominus</strong></span> <span class='ocrx_word' id='word_1_156' title='bbox 1051 2424 1159 2495; x_wconf 81' lang='lat' dir='ltr'><strong>etism</strong></span> <span class='ocrx_word' id='word_1_157' title='bbox 1187 2422 1358 2521; x_wconf 76' lang='lat' dir='ltr'><strong>legitimis</strong></span> <span class='ocrx_word' id='word_1_158' title='bbox 1383 2444 1452 2523; x_wconf 88' lang='lat' dir='ltr'><strong>per</strong></span> <span class='ocrx_word' id='word_1_159' title='bbox 1471 2436 1507 2498; x_wconf 89' lang='lat' dir='ltr'><strong>te</strong></span> <span class='ocrx_word' id='word_1_160' title='bbox 1527 2444 1642 2522; x_wconf 89' lang='lat' dir='ltr'><strong>snper</strong></span> <span class='ocrx_word' id='word_1_161' title='bbox 1663 2418 1735 2494; x_wconf 84' lang='lat' dir='ltr'><strong>hiis</strong></span> 
     </span>
     <span class='ocr_line' id='line_1_20' title="bbox 346 2520 1737 2623; baseline -0.002 -25"><span class='ocrx_word' id='word_1_162' title='bbox 346 2523 539 2613; x_wconf 65' lang='lat' dir='ltr'><strong>habendis,</strong></span> <span class='ocrx_word' id='word_1_163' title='bbox 565 2524 725 2599; x_wconf 79' lang='lat' dir='ltr'><strong>seruatis</strong></span> <span class='ocrx_word' id='word_1_164' title='bbox 744 2523 997 2623; x_wconf 71' lang='lat' dir='ltr'><strong>processibus,</strong></span> <span class='ocrx_word' id='word_1_165' title='bbox 1017 2542 1084 2595; x_wconf 80' lang='lat' dir='ltr'><strong>ees</strong></span> <span class='ocrx_word' id='word_1_166' title='bbox 1104 2522 1283 2619; x_wconf 85' lang='lat' dir='ltr'><strong>quociens</strong></span> <span class='ocrx_word' id='word_1_167' title='bbox 1306 2520 1514 2623; x_wconf 86' lang='lat' dir='ltr'><strong>expedierit</strong></span> <span class='ocrx_word' id='word_1_168' title='bbox 1531 2540 1737 2617; x_wconf 77' lang='lat' dir='ltr'><strong>aggredere</strong></span> 
     </span>
    </p>

    <p class='ocr_par' dir='ltr' id='par_1_5' title="bbox 340 2618 1737 3921">
     <span class='ocr_line' id='line_1_21' title="bbox 379 2618 1734 2722; baseline -0.002 -27"><span class='ocrx_word' id='word_1_169' title='bbox 379 2648 536 2699; x_wconf 85' lang='lat' dir='ltr'><strong>rocnres.</strong></span> <span class='ocrx_word' id='word_1_170' title='bbox 587 2624 765 2699; x_wconf 80' lang='lat' dir='ltr'><strong>Inoocaio</strong></span> <span class='ocrx_word' id='word_1_171' title='bbox 799 2624 849 2697; x_wconf 84' lang='lat' dir='ltr'><strong>od</strong></span> <span class='ocrx_word' id='word_1_172' title='bbox 883 2622 957 2697; x_wconf 85' lang='lat' dir='ltr'><strong>boc</strong></span> <span class='ocrx_word' id='word_1_173' title='bbox 982 2624 1016 2696; x_wconf 90' lang='lat' dir='ltr'><strong>si</strong></span> <span class='ocrx_word' id='word_1_174' title='bbox 1041 2643 1137 2722; x_wconf 87' lang='lat' dir='ltr'><strong>opus</strong></span> <span class='ocrx_word' id='word_1_175' title='bbox 1159 2620 1271 2697; x_wconf 85' lang='lat' dir='ltr'><strong>luerit</strong></span> <span class='ocrx_word' id='word_1_176' title='bbox 1294 2622 1434 2700; x_wconf 79' lang='lat' dir='ltr'><strong>auxilio</strong></span> <span class='ocrx_word' id='word_1_177' title='bbox 1461 2618 1599 2697; x_wconf 82' lang='lat' dir='ltr'><strong>brecbii</strong></span> <span class='ocrx_word' id='word_1_178' title='bbox 1621 2640 1734 2693; x_wconf 84' lang='lat' dir='ltr'><strong>seen-</strong></span> 
     </span>
     <span class='ocr_line' id='line_1_22' title="bbox 349 2648 1735 2824; baseline -0.003 -27"><span class='ocrx_word' id='word_1_179' title='bbox 349 2648 443 2797; x_wconf 50' lang='grc' dir='ltr'><strong>ἰῆς.</strong></span> <span class='ocrx_word' id='word_1_180' title='bbox 495 2722 672 2799; x_wconf 81' lang='lat' dir='ltr'><strong>Ceterum</strong></span> <span class='ocrx_word' id='word_1_181' title='bbox 698 2727 824 2824; x_wconf 87' lang='lat' dir='ltr'><strong>siper</strong></span> <span class='ocrx_word' id='word_1_182' title='bbox 849 2724 1077 2797; x_wconf 73' lang='lat' dir='ltr'><strong>summarium</strong></span> <span class='ocrx_word' id='word_1_183' title='bbox 1104 2744 1171 2821; x_wconf 88' lang='lat' dir='ltr'><strong>per</strong></span> <span class='ocrx_word' id='word_1_184' title='bbox 1195 2734 1232 2796; x_wconf 85' lang='lat' dir='ltr'><strong>te</strong></span> <span class='ocrx_word' id='word_1_185' title='bbox 1253 2720 1461 2821; x_wconf 76' lang='lat' dir='ltr'><strong>superbiis</strong></span> <span class='ocrx_word' id='word_1_186' title='bbox 1483 2714 1735 2821; x_wconf 79' lang='lat' dir='ltr'><strong>recipiendam</strong></span> 
     </span>
     <span class='ocr_line' id='line_1_23' title="bbox 346 2817 1734 2921; baseline -0.004 -23"><span class='ocrx_word' id='word_1_187' title='bbox 346 2823 646 2899; x_wconf 78' lang='lat' dir='ltr'><strong>informacionem</strong></span> <span class='ocrx_word' id='word_1_188' title='bbox 674 2826 880 2898; x_wconf 77' lang='lat' dir='ltr'><strong>constiterit</strong></span> <span class='ocrx_word' id='word_1_189' title='bbox 903 2818 1003 2921; x_wconf 90' lang='lat' dir='ltr'><strong>qnod</strong></span> <span class='ocrx_word' id='word_1_190' title='bbox 1028 2844 1267 2921; x_wconf 81' lang='lat' dir='ltr'><strong>personarum</strong></span> <span class='ocrx_word' id='word_1_191' title='bbox 1294 2820 1493 2899; x_wconf 77' lang='lat' dir='ltr'><strong>earundem</strong></span> <span class='ocrx_word' id='word_1_192' title='bbox 1508 2832 1564 2895; x_wconf 83' lang='lat' dir='ltr'><strong>&#39;ot</strong></span> <span class='ocrx_word' id='word_1_193' title='bbox 1581 2817 1734 2895; x_wconf 76' lang='lat' dir='ltr'><strong>eliorum</strong></span> 
     </span>
     <span class='ocr_line' id='line_1_24' title="bbox 343 2921 1735 3025; baseline -0.003 -27"><span class='ocrx_word' id='word_1_194' title='bbox 343 2947 435 3025; x_wconf 86' lang='lat' dir='ltr'><strong>quos</strong></span> <span class='ocrx_word' id='word_1_195' title='bbox 461 2924 667 2998; x_wconf 88' lang='lat' dir='ltr'><strong>huiusmodi</strong></span> <span class='ocrx_word' id='word_1_196' title='bbox 694 2930 901 3025; x_wconf 87' lang='lat' dir='ltr'><strong>processus</strong></span> <span class='ocrx_word' id='word_1_197' title='bbox 927 2926 1178 3011; x_wconf 78' lang='lat' dir='ltr'><strong>concesserit,</strong></span> <span class='ocrx_word' id='word_1_198' title='bbox 1231 2925 1408 3015; x_wconf 83' lang='lat' dir='ltr'><strong>recentis,</strong></span> <span class='ocrx_word' id='word_1_199' title='bbox 1434 2942 1501 3021; x_wconf 87' lang='lat' dir='ltr'><strong>pro</strong></span> <span class='ocrx_word' id='word_1_200' title='bbox 1527 2921 1735 2997; x_wconf 77' lang='lat' dir='ltr'><strong>monidione</strong></span> 
     </span>
     <span class='ocr_line' id='line_1_25' title="bbox 341 2946 1736 3121; baseline -0.002 -23"><span class='ocrx_word' id='word_1_201' title='bbox 341 3038 380 3099; x_wconf 87' lang='lat' dir='ltr'><strong>et</strong></span> <span class='ocrx_word' id='word_1_202' title='bbox 406 3026 589 3099; x_wconf 84' lang='lat' dir='ltr'><strong>citscione</strong></span> <span class='ocrx_word' id='word_1_203' title='bbox 616 3024 665 3097; x_wconf 89' lang='lat' dir='ltr'><strong>de</strong></span> <span class='ocrx_word' id='word_1_204' title='bbox 690 3027 749 3097; x_wconf 88' lang='lat' dir='ltr'><strong>eis</strong></span> <span class='ocrx_word' id='word_1_205' title='bbox 774 3019 959 3098; x_wconf 81' lang='lat' dir='ltr'><strong>iaciendis</strong></span> <span class='ocrx_word' id='word_1_206' title='bbox 982 3022 1174 3097; x_wconf 87' lang='lat' dir='ltr'><strong>commode</strong></span> <span class='ocrx_word' id='word_1_207' title='bbox 1200 2946 1327 3097; x_wconf 75' lang='lat' dir='ltr'><strong>deberi</strong></span> <span class='ocrx_word' id='word_1_208' title='bbox 1354 3034 1513 3121; x_wconf 87' lang='lat' dir='ltr'><strong>nequest</strong></span> <span class='ocrx_word' id='word_1_209' title='bbox 1538 3024 1622 3095; x_wconf 86' lang='lat' dir='ltr'><strong>siue</strong></span> <span class='ocrx_word' id='word_1_210' title='bbox 1647 3030 1736 3110; x_wconf 84' lang='lat' dir='ltr'><strong>tute,</strong></span> 
     </span>
     <span class='ocr_line' id='line_1_26' title="bbox 340 3114 1737 3225; baseline -0.004 -27"><span class='ocrx_word' id='word_1_211' title='bbox 340 3122 428 3198; x_wconf 85' lang='lat' dir='ltr'><strong>Nos</strong></span> <span class='ocrx_word' id='word_1_212' title='bbox 454 3124 514 3199; x_wconf 85' lang='lat' dir='ltr'><strong>tibi</strong></span> <span class='ocrx_word' id='word_1_213' title='bbox 542 3146 745 3225; x_wconf 74' lang='lat' dir='ltr'><strong>processus</strong></span> <span class='ocrx_word' id='word_1_214' title='bbox 772 3125 983 3198; x_wconf 79' lang='lat' dir='ltr'><strong>municionis</strong></span> <span class='ocrx_word' id='word_1_215' title='bbox 1008 3134 1046 3197; x_wconf 91' lang='lat' dir='ltr'><strong>et</strong></span> <span class='ocrx_word' id='word_1_216' title='bbox 1073 3122 1264 3197; x_wconf 84' lang='lat' dir='ltr'><strong>eitsoiools</strong></span> <span class='ocrx_word' id='word_1_217' title='bbox 1292 3122 1497 3196; x_wconf 81' lang='lat' dir='ltr'><strong>huiusmodi</strong></span> <span class='ocrx_word' id='word_1_218' title='bbox 1525 3142 1593 3221; x_wconf 89' lang='lat' dir='ltr'><strong>per</strong></span> <span class='ocrx_word' id='word_1_219' title='bbox 1612 3114 1737 3219; x_wconf 80' lang='lat' dir='ltr'><strong>edicte</strong></span> 
     </span>
     <span class='ocr_line' id='line_1_27' title="bbox 342 3214 1734 3325; baseline -0.003 -28"><span class='ocrx_word' id='word_1_220' title='bbox 342 3223 498 3325; x_wconf 75' lang='lat' dir='ltr'><strong>publica</strong></span> <span class='ocrx_word' id='word_1_221' title='bbox 523 3227 617 3298; x_wconf 87' lang='lat' dir='ltr'><strong>locis</strong></span> <span class='ocrx_word' id='word_1_222' title='bbox 643 3222 867 3321; x_wconf 71' lang='lat' dir='ltr'><strong>elligendum</strong></span> <span class='ocrx_word' id='word_1_223' title='bbox 893 3224 1074 3322; x_wconf 83' lang='lat' dir='ltr'><strong>publicis,</strong></span> <span class='ocrx_word' id='word_1_224' title='bbox 1107 3221 1274 3322; x_wconf 86' lang='lat' dir='ltr'><strong>predicte</strong></span> <span class='ocrx_word' id='word_1_225' title='bbox 1300 3222 1466 3297; x_wconf 78' lang='lat' dir='ltr'><strong>ecclesie</strong></span> <span class='ocrx_word' id='word_1_226' title='bbox 1492 3221 1648 3308; x_wconf 86' lang='lat' dir='ltr'><strong>vicinis,</strong></span> <span class='ocrx_word' id='word_1_227' title='bbox 1685 3214 1734 3293; x_wconf 85' lang='lat' dir='ltr'><strong>de</strong></span> 
     </span>
     <span class='ocr_line' id='line_1_28' title="bbox 342 3316 1734 3423; baseline -0.004 -26"><span class='ocrx_word' id='word_1_228' title='bbox 342 3324 477 3423; x_wconf 86' lang='lat' dir='ltr'><strong>quibus</strong></span> <span class='ocrx_word' id='word_1_229' title='bbox 503 3328 552 3398; x_wconf 87' lang='lat' dir='ltr'><strong>sit</strong></span> <span class='ocrx_word' id='word_1_230' title='bbox 575 3324 788 3397; x_wconf 75' lang='lat' dir='ltr'><strong>verisimilis</strong></span> <span class='ocrx_word' id='word_1_231' title='bbox 822 3325 1037 3398; x_wconf 75' lang='lat' dir='ltr'><strong>coniectura</strong></span> <span class='ocrx_word' id='word_1_232' title='bbox 1075 3320 1171 3419; x_wconf 89' lang='lat' dir='ltr'><strong>qnod</strong></span> <span class='ocrx_word' id='word_1_233' title='bbox 1209 3316 1257 3395; x_wconf 86' lang='lat' dir='ltr'><strong>sd</strong></span> <span class='ocrx_word' id='word_1_234' title='bbox 1291 3322 1460 3397; x_wconf 72' lang='lat' dir='ltr'><strong>noticiam</strong></span> <span class='ocrx_word' id='word_1_235' title='bbox 1493 3339 1734 3417; x_wconf 77' lang='lat' dir='ltr'><strong>personarum</strong></span> 
     </span>
     <span class='ocr_line' id='line_1_29' title="bbox 342 3418 1735 3521; baseline -0.006 -22"><span class='ocrx_word' id='word_1_236' title='bbox 342 3432 382 3499; x_wconf 85' lang='lat' dir='ltr'><strong>ei</strong></span> <span class='ocrx_word' id='word_1_237' title='bbox 407 3423 556 3498; x_wconf 79' lang='lat' dir='ltr'><strong>aliorum</strong></span> <span class='ocrx_word' id='word_1_238' title='bbox 584 3426 794 3497; x_wconf 77' lang='lat' dir='ltr'><strong>monitorum</strong></span> <span class='ocrx_word' id='word_1_239' title='bbox 829 3432 865 3496; x_wconf 91' lang='lat' dir='ltr'><strong>et</strong></span> <span class='ocrx_word' id='word_1_240' title='bbox 902 3424 1091 3495; x_wconf 74' lang='lat' dir='ltr'><strong>citaturum</strong></span> <span class='ocrx_word' id='word_1_241' title='bbox 1128 3418 1333 3494; x_wconf 77' lang='lat' dir='ltr'><strong>huiusmodi</strong></span> <span class='ocrx_word' id='word_1_242' title='bbox 1359 3421 1559 3521; x_wconf 77' lang='lat' dir='ltr'><strong>peruenire</strong></span> <span class='ocrx_word' id='word_1_243' title='bbox 1583 3418 1735 3493; x_wconf 69' lang='lat' dir='ltr'><strong>rebant</strong></span> 
     </span>
     <span class='ocr_line' id='line_1_30' title="bbox 342 3516 1735 3623; baseline -0.004 -27"><span class='ocrx_word' id='word_1_244' title='bbox 342 3522 507 3601; x_wconf 75' lang='lat' dir='ltr'><strong>faciendi</strong></span> <span class='ocrx_word' id='word_1_245' title='bbox 543 3524 684 3623; x_wconf 79' lang='lat' dir='ltr'><strong>plenem</strong></span> <span class='ocrx_word' id='word_1_246' title='bbox 718 3522 954 3608; x_wconf 78' lang='lat' dir='ltr'><strong>concedimus</strong></span> <span class='ocrx_word' id='word_1_247' title='bbox 989 3539 1117 3597; x_wconf 89' lang='lat' dir='ltr'><strong>tenore</strong></span> <span class='ocrx_word' id='word_1_248' title='bbox 1151 3520 1375 3621; x_wconf 88' lang='lat' dir='ltr'><strong>presentium</strong></span> <span class='ocrx_word' id='word_1_249' title='bbox 1415 3516 1623 3593; x_wconf 81' lang='lat' dir='ltr'><strong>fucultatem</strong></span> <span class='ocrx_word' id='word_1_250' title='bbox 1669 3516 1735 3591; x_wconf 82' lang='lat' dir='ltr'><strong>Ac</strong></span> 
     </span>
     <span class='ocr_line' id='line_1_31' title="bbox 342 3616 1734 3788; baseline -0.006 -91"><span class='ocrx_word' id='word_1_251' title='bbox 342 3620 516 3697; x_wconf 84' lang='lat' dir='ltr'><strong>volumus</strong></span> <span class='ocrx_word' id='word_1_252' title='bbox 544 3623 639 3722; x_wconf 85' lang='lat' dir='ltr'><strong>quoti</strong></span> <span class='ocrx_word' id='word_1_253' title='bbox 667 3632 867 3721; x_wconf 80' lang='lat' dir='ltr'><strong>processus</strong></span> <span class='ocrx_word' id='word_1_254' title='bbox 901 3623 1115 3699; x_wconf 79' lang='lat' dir='ltr'><strong>municionis</strong></span> <span class='ocrx_word' id='word_1_255' title='bbox 1142 3634 1179 3694; x_wconf 89' lang='lat' dir='ltr'><strong>et</strong></span> <span class='ocrx_word' id='word_1_256' title='bbox 1201 3621 1386 3695; x_wconf 82' lang='lat' dir='ltr'><strong>citntioni&#39;s</strong></span> <span class='ocrx_word' id='word_1_257' title='bbox 1413 3616 1620 3691; x_wconf 75' lang='lat' dir='ltr'><strong>huiusmodi</strong></span> <span class='ocrx_word' id='word_1_258' title='bbox 1644 3637 1734 3788; x_wconf 86' lang='lat' dir='ltr'><strong>per·</strong></span> 
     </span>
     <span class='ocr_line' id='line_1_32' title="bbox 345 3718 1734 3812; baseline -0.002 -18"><span class='ocrx_word' id='word_1_259' title='bbox 345 3721 433 3797; x_wconf 86' lang='lat' dir='ltr'><strong>inde</strong></span> <span class='ocrx_word' id='word_1_260' title='bbox 457 3725 613 3797; x_wconf 89' lang='lat' dir='ltr'><strong>monitos</strong></span> <span class='ocrx_word' id='word_1_261' title='bbox 639 3736 674 3812; x_wconf 82' lang='lat' dir='ltr'><strong>et</strong></span> <span class='ocrx_word' id='word_1_262' title='bbox 701 3726 832 3799; x_wconf 82' lang='lat' dir='ltr'><strong>citatos</strong></span> <span class='ocrx_word' id='word_1_263' title='bbox 859 3719 1010 3799; x_wconf 87' lang='lat' dir='ltr'><strong>eosdem</strong></span> <span class='ocrx_word' id='word_1_264' title='bbox 1043 3732 1206 3797; x_wconf 62' lang='lat' dir='ltr'><strong>srntentn</strong></span> <span class='ocrx_word' id='word_1_265' title='bbox 1246 3738 1291 3795; x_wconf 80' lang='lat' dir='ltr'><strong>ric</strong></span> <span class='ocrx_word' id='word_1_266' title='bbox 1325 3718 1461 3795; x_wconf 85' lang='lat' dir='ltr'><strong>siillis</strong></span> <span class='ocrx_word' id='word_1_267' title='bbox 1512 3737 1647 3792; x_wconf 58' lang='lat' dir='ltr'><strong>&amp;sons</strong></span> <span class='ocrx_word' id='word_1_268' title='bbox 1665 3718 1734 3791; x_wconf 80' lang='lat' dir='ltr'><strong>iter</strong></span> 
     </span>
     <span class='ocr_line' id='line_1_33' title="bbox 345 3808 1735 3921; baseline -0.005 -24"><span class='ocrx_word' id='word_1_269' title='bbox 345 3834 385 3897; x_wconf 86' lang='lat' dir='ltr'><strong>et</strong></span> <span class='ocrx_word' id='word_1_270' title='bbox 408 3808 703 3921; x_wconf 69' lang='lat' dir='ltr'><strong>presencialiter</strong></span> <span class='ocrx_word' id='word_1_271' title='bbox 725 3824 901 3895; x_wconf 78' lang='lat' dir='ltr'><strong>insinuati</strong></span> <span class='ocrx_word' id='word_1_272' title='bbox 936 3848 982 3895; x_wconf 82' lang='lat' dir='ltr'><strong>ac</strong></span> <span class='ocrx_word' id='word_1_273' title='bbox 1016 3822 1169 3898; x_wconf 79' lang='lat' dir='ltr'><strong>[utlmsti</strong></span> <span class='ocrx_word' id='word_1_274' title='bbox 1203 3820 1366 3917; x_wconf 81' lang='lat' dir='ltr'><strong>legitime</strong></span> <span class='ocrx_word' id='word_1_275' title='bbox 1400 3820 1474 3894; x_wconf 85' lang='lat' dir='ltr'><strong>ext&#39;</strong></span> <span class='ocrx_word' id='word_1_276' title='bbox 1500 3832 1593 3892; x_wconf 85' lang='lat' dir='ltr'><strong>sont.</strong></span> <span class='ocrx_word' id='word_1_277' title='bbox 1643 3812 1735 3891; x_wconf 87' lang='lat' dir='ltr'><strong>Nou</strong></span> 
     </span>
    </p>
   </div>
   <div class='ocr_carea' id='block_1_5' title="bbox 345 3916 1859 4021">
    <p class='ocr_par' dir='ltr' id='par_1_6' title="bbox 345 3916 1859 4021">
     <span class='ocr_line' id='line_1_34' title="bbox 345 3916 1859 4021; baseline -0.005 -26"><span class='ocrx_word' id='word_1_278' title='bbox 345 3922 573 4001; x_wconf 79' lang='lat' dir='ltr'><strong>obstantibus</strong></span> <span class='ocrx_word' id='word_1_279' title='bbox 599 3939 668 3997; x_wconf 85' lang='lat' dir='ltr'><strong>tsm</strong></span> <span class='ocrx_word' id='word_1_280' title='bbox 694 3922 819 3996; x_wconf 89' lang='lat' dir='ltr'><strong>ielieis</strong></span> <span class='ocrx_word' id='word_1_281' title='bbox 846 3916 1120 3996; x_wconf 79' lang='lat' dir='ltr'><strong>recordacionis</strong></span> <span class='ocrx_word' id='word_1_282' title='bbox 1148 3918 1329 3995; x_wconf 85' lang='lat' dir='ltr'><strong>liouifacii</strong></span> <span class='ocrx_word' id='word_1_283' title='bbox 1355 3922 1422 4018; x_wconf 84' lang='lat' dir='ltr'><strong>viij</strong></span> <span class='ocrx_word' id='word_1_284' title='bbox 1447 3916 1734 4021; x_wconf 84' lang='lat' dir='ltr'><strong>predecessoris</strong></span> <span class='ocrx_word' id='word_1_285' title='bbox 1852 3960 1859 3965; x_wconf 93' lang='lat'><em>-</em></span> 
     </span>
    </p>
   </div>
   <div class='ocr_carea' id='block_1_6' title="bbox 344 4014 1793 4227">
    <p class='ocr_par' dir='ltr' id='par_1_7' title="bbox 344 4014 1793 4227">
     <span class='ocr_line' id='line_1_35' title="bbox 344 4014 1793 4118; baseline -0.006 -22"><span class='ocrx_word' id='word_1_286' title='bbox 344 4026 459 4107; x_wconf 85' lang='lat' dir='ltr'><strong>nostri</strong></span> <span class='ocrx_word' id='word_1_287' title='bbox 491 4019 541 4095; x_wconf 91' lang='lat' dir='ltr'><strong>ds</strong></span> <span class='ocrx_word' id='word_1_288' title='bbox 575 4046 647 4096; x_wconf 81' lang='lat' dir='ltr'><strong>vus</strong></span> <span class='ocrx_word' id='word_1_289' title='bbox 681 4037 716 4097; x_wconf 90' lang='lat' dir='ltr'><strong>et</strong></span> <span class='ocrx_word' id='word_1_290' title='bbox 751 4019 894 4096; x_wconf 80' lang='lat' dir='ltr'><strong>dnnbns</strong></span> <span class='ocrx_word' id='word_1_291' title='bbox 927 4020 1040 4095; x_wconf 73' lang='lat' dir='ltr'><strong>diruis</strong></span> <span class='ocrx_word' id='word_1_292' title='bbox 1082 4018 1126 4092; x_wconf 92' lang='lat' dir='ltr'><strong>ln</strong></span> <span class='ocrx_word' id='word_1_293' title='bbox 1161 4014 1335 4096; x_wconf 80' lang='lat' dir='ltr'><strong>Concilio</strong></span> <span class='ocrx_word' id='word_1_294' title='bbox 1368 4016 1536 4118; x_wconf 74' lang='lat' dir='ltr'><strong>generali</strong></span> <span class='ocrx_word' id='word_1_295' title='bbox 1571 4014 1734 4093; x_wconf 78' lang='lat' dir='ltr'><strong>Necnon</strong></span> <span class='ocrx_word' id='word_1_296' title='bbox 1789 4045 1793 4052; x_wconf 94' lang='lat'>·</span> 
     </span>
     <span class='ocr_line' id='line_1_36' title="bbox 344 4113 1736 4227; baseline -0.006 -31"><span class='ocrx_word' id='word_1_297' title='bbox 344 4123 640 4221; x_wconf 80' lang='lat' dir='ltr'><strong>personis&#39;vltrs</strong></span> <span class='ocrx_word' id='word_1_298' title='bbox 663 4135 805 4198; x_wconf 88' lang='lat' dir='ltr'><strong>certum</strong></span> <span class='ocrx_word' id='word_1_299' title='bbox 832 4144 1017 4196; x_wconf 80' lang='lat' dir='ltr'><strong>numerum</strong></span> <span class='ocrx_word' id='word_1_300' title='bbox 1042 4116 1091 4195; x_wconf 87' lang='lat' dir='ltr'><strong>sd</strong></span> <span class='ocrx_word' id='word_1_301' title='bbox 1114 4116 1303 4227; x_wconf 67' lang='lat' dir='ltr'><strong>dudleiutn</strong></span> <span class='ocrx_word' id='word_1_302' title='bbox 1328 4142 1402 4197; x_wconf 90' lang='lat' dir='ltr'><strong>nou</strong></span> <span class='ocrx_word' id='word_1_303' title='bbox 1426 4113 1603 4194; x_wconf 86' lang='lat' dir='ltr'><strong>rocsudis</strong></span> <span class='ocrx_word' id='word_1_304' title='bbox 1630 4138 1736 4217; x_wconf 82' lang='lat' dir='ltr'><strong>quem</strong></span> 
     </span>
    </p>
   </div>
   <div class='ocr_carea' id='block_1_7' title="bbox 0 0 2112 5034">
    <p class='ocr_par' dir='ltr' id='par_1_8' title="bbox 0 0 2112 5034">
     <span class='ocr_line' id='line_1_37' title="bbox 0 0 2112 5034; baseline 0 0"><span class='ocrx_word' id='word_1_305' title='bbox 0 0 2112 5034; x_wconf 95' lang='lat' dir='ltr'><strong> </strong></span> 
     </span>
    </p>
   </div>
  </div>
 </body>
</html>
