4209 5034
430 618 535 706 sot
981 613 1253 698 monuments

286 855 291 868 ‘
432 865 513 936 atre
537 854 679 948 ments,
707 851 839 974 putum
865 847 1030 928 omnibus
1056 857 1192 925 attenta
1206 843 1453 924 meditscione
1468 842 1646 944 penatis,
1672 839 1828 946 deper-

228 2463 230 2478 '
356 2483 362 2492 ·
440 2445 593 2521 uberius
619 2467 735 2522 conse
761 2471 796 2520 ιιι
822 2447 1007 2522 merearis.
1059 2445 1191 2522 ilatum
1216 2443 1334 2522 Rome
1362 2443 1461 2544 apud

436 977 531 1034 sono
553 967 617 1032 tna
641 953 747 1030 nobis
773 963 811 1028 et
835 945 978 1028 eisdem
1011 947 1187 1025 iratribus
1213 947 1259 1023 ob
1292 943 1469 1022 diciorum
1493 951 1636 1018 tuorum
1667 944 1829 1044 erigen-

437 1059 539 1134 eiom·
556 1053 762 1130 meritorum
786 1060 944 1152 acceptu
969 1047 1089 1124 cidem
1119 1047 1286 1124 ecclesio
1308 1040 1371 1120 Aa
1426 1045 1544 1121 steusi
1575 1041 1625 1118 de
1651 1039 1829 1121 dictorum

424 1156 588 1231 siratrnm
614 1151 769 1228 oonsilio
794 1151 1009 1228 auctoritate
1034 1145 1243 1252 apostolica
1266 1148 1372 1246 proci
1399 1169 1493 1222 rmus
1521 1153 1633 1243 toque
1657 1143 1712 1222 iiii
1736 1165 1829 1247 pre·

436 1254 591 1331 munus
617 1255 653 1328 iu
679 1251 906 1352 Episcopum
940 1261 977 1324 et
1010 1261 1213 1350 pastorem,
1250 1269 1371 1322 ruram
1405 1257 1442 1320 ot
1473 1239 1829 1348 administmcionom

315 1387 318 1391 ·
436 1356 555 1455 ipsius
580 1352 748 1434 ecclesie
773 1351 836 1426 Αιι
889 1349 1028 1446 elensis
1053 1350 1115 1427 tibi
1145 1351 1185 1421 in
1210 1346 1461 1452 spiritualibus
1481 1355 1534 1420 et
1566 1342 1829 1446 temporalibus

436 1455 604 1556 plenarie
630 1453 809 1528 committo
861 1472 902 1540 o,
940 1451 977 1522 in
1003 1447 1069 1523 iilo
1095 1449 1155 1547 qui
1180 1441 1244 1522 dat
1267 1447 1417 1546 gracias
1442 1455 1480 1521 et
1509 1445 1664 1543 largitur
1687 1443 1829 1546 premis

437 1553 667 1631 confidentes
692 1551 790 1650 qood
817 1551 976 1625 dextero
1000 1545 1134 1622 domiui
1158 1548 1221 1622 tibi
1254 1547 1455 1621 assistente
1486 1545 1650 1647 propicia
1682 1541 1831 1646 prelata

436 1652 604 1728 ecclesie
629 1651 885 1748 Augustensis
911 1649 981 1722 nub
1006 1659 1070 1722 tuo
1096 1645 1198 1723 felici
1224 1649 1402 1746 regimine
1434 1666 1615 1747 prospere
1646 1639 1832 1744 dirigetur
1908 1693 1914 1705 =

437 1773 483 1826 oc
507 1763 613 1850 gruta
639 1751 674 1823 in
699 1750 842 1824 eisdem
868 1747 1122 1850 spiritualibus
1147 1761 1187 1822 et
1210 1743 1472 1847 temporalibus
1497 1745 1679 1845 suscipiet
1703 1745 1833 1820 incre-

440 1863 569 1926 menta
609 1845 747 1947 Jugum
772 1850 881 1944 igitur
903 1845 1034 1923 domiui
1056 1849 1130 1920 tuis
1155 1849 1357 1948 impositum
1382 1844 1542 1920 humeris
1566 1841 1833 1947 prompto'de·

439 1951 597 2026 uocione
616 1949 828 2048 suscipiens
852 1968 976 2024 curam
1003 1960 1040 2022 et
1054 1945 1409 2021 administracionem
1435 1943 1623 2046 predictas
1639 1947 1833 2020 sioexer-

440 2069 530 2125 cere
553 2041 730 2140 studeas,
769 2046 917 2124 solicito
944 2043 1104 2123 fideliter
1128 2060 1167 2120 et
1190 2045 1392 2147 prudenter
1424 2045 1520 2146 quod
1554 2041 1835 2147 ipsseculesis

439 2147 694 2247 Augusteusis
718 2147 953 2245 gubernatori
971 2145 1135 2246 pronido'
1153 2160 1191 2222 et
1215 2145 1408 2221 fructuoso
1434 2141 1714 2222 administraturi
1732 2153 1834 2244 gau·

354 2266 356 2274 ’
439 2245 526 2322 deut
550 2267 597 2321 se
630 2249 855 2324 commissam
889 2259 1017 2345 tuque.
1037 2257 1166 2346 preter
1199 2258 1327 2321 etenim
1360 2245 1619 2322 retribucionis
1654 2246 1834 2348 premium

438 2357 658 2422 nostramet
694 2347 901 2465 apostolice
938 2339 1044 2421 sedis
1080 2343 1379 2422 benediccionem
1415 2367 1460 2421 ac
1486 2347 1656 2521 {ruciam
1690 2339 1834 2421 exinde

439 2543 499 2620 111
522 2536 722 2624 Kalendas
790 2548 880 2622 arcii
896 2587 899 2595 ,
915 2543 1166 2663 pontificatus*
1182 2548 1297 2622 nostri
1324 2545 1435 2621 Anco
1459 2457 1661 2646 spilli?
1686 2455 1835 2635 beurim

438 2645 497 2721 sic
529 2646 636 2722 nobis
670 2650 864 2724 concessis
898 2657 935 2721 et
1012 2658 1190 2721 esenmtns
1226 2647 1365 2736 literis,
1405 2643 1492 2722 Nos
1525 2647 1659 2722 Petrus
1684 2643 1759 2720 Dei
1790 2655 1835 2721 et

437 2745 644 2844 apostolice
669 2745 776 2821 sedis
802 2749 927 2844 gracia
989 2747 1167 2845 piscopos
1193 2745 1378 2846 prefatus,
1404 2745 1572 2822 nolentes
1597 2755 1749 2848 propter
1772 2743 1834 2819 la·

437 2843 564 2917 borum
590 2846 797 2940 angustias,
834 2857 897 2920 aut
947 2856 1198 2920 erseoutorum
1231 2847 1404 2922 incursus
1442 2845 1623 2923 deserere
1656 2865 1835 2948 sponsam

438 2951 598 3016 nostram
626 2963 695 3016 nec
721 2947 864 3044 euitare
889 2869 1050 3020 laborem
1077 2965 1144 3045 pro
1169 2941 1338 3036 subditis,
1364 2969 1432 3047 pro
1458 2945 1589 3046 quibus
1605 2947 1722 3022 eciem
1747 2945 1835 3020 uai-
1881 2957 1901 2994 *

440 3063 531 3118 mam
557 3052 717 3118 nostram
741 3065 884 3144 ponere
908 3054 1083 3120 tenemur.
1124 3038 1275 3121 idcirco
1300 3043 1349 3122 de
1374 3045 1541 3122 altissimi
1566 3049 1627 3146 qui
1654 3045 1717 3121 dot
1741 3065 1835 3143 gra·

440 3141 521 3216 cias
546 3151 585 3218 et
610 3141 766 3241 largitur
790 3147 929 3245 premis
955 3141 1185 3220 confidentes
1217 3139 1492 3236 misericordia,
1523 3146 1661 3241 Jugnm
1693 3141 1834 3220 domimi

440 3242 579 3316 nostris
604 3242 806 3345 impositum
832 3239 994 3322 bumeris
1020 3256 1183 3345 promptu
1205 3243 1411 3322 censuum
1434 3247 1670 3347 suscepimus
1688 3257 1834 3322 otuu*
1890 3293 1894 3300 ·

440 3341 594 3442 cipimus
610 3365 680 3442 per
694 3355 899 3444 presentes,
923 3353 996 3443 ‘que
1014 3346 1132 3420 omnia
1150 3359 1188 3420 et
1213 3345 1358 3442 singula
1380 3347 1491 3421 vobis
1512 3347 1677 3422 omnibus
1692 3357 1730 3422 et
1750 3344 1835 3418 siu·

439 3439 1215 3620 etsistleuissimis:
1229 3442 1436 3620 mm„
1452 3445 1687 3620 istus
1705 3454 1834 3619 ses

606 3567 628 3632 ·‚
689 3569 698 3592 ·
1232 3569 1585 3622 vesrumnorcram
1637 3569 1711 3621 eu

441 3649 480 3712 et
504 3634 641 3716 deduci
668 3642 837 3717 volumus
864 3656 1155 3744 perpresentes·
1205 3643 1254 3719 tit
1279 3644 1536 3721 nichilominus
1561 3647 1597 3720 in
1622 3637 1833 3721 huiusmodi

439 3739 600 3910 nepoeio
626 3741 696 3816 rite
721 3754 759 3816 et
781 3741 957 3842 legittime
982 3741 1190 3843 procedere
1214 3745 1407 3836 volentes,
1441 3769 1512 3822 vos
1536 3765 1663 3820 omnes
1690 3757 1728 3820 et
1750 3745 1832 3821 sin-

284 3849 289 3858 ’
439 3857 489 3954 gp
507 3859 551 3912 os
573 3839 810 3940 supradictos
829 3857 866 3918 et
892 3843 1088 3942 quemlibet
1104 3853 1267 3920 restrum
1293 3843 1505 3920 insolidum
1525 3856 1655 3921 tenore
1670 3865 1831 3947 presen-

442 3955 536 4010 crcm
564 3937 599 4012 iu
627 3937 771 4016 domino
788 3940 1041 4018 exhortamur.
1092 3942 1249 4044 Vosque
1278 3967 1405 4021 omnes
1430 3957 1469 4020 et
1499 3945 1670 4046 singulos
1694 3965 1833 4046 sopra-

305 4083 311 4092 .
440 4032 560 4112 urum
578 4045 618 4112 ot
641 4037 837 4138 queadibet
856 4055 1018 4119 vestrum
1045 4045 1281 4120 communiter
1304 4060 1342 4120 ot
1366 4041 1510 4122 diuum
1529 4055 1658 4122 tenore
1671 4065 1832 4150 presen-

442 4133 536 4252 cium
562 4139 781 4236 requirimus
808 4153 846 4216 et
870 4163 1069 4218 monemus.
1109 4143 1231 4218 Primo
1258 4140 1423 4220 serundo
1448 4147 1567 4221 tercio
1591 4155 1629 4222 et
1657 4163 1832 4247 peremp-

438 4243 551 4322 torie,
576 4237 759 4340 vobisque
784 4253 823 4317 et
847 4252 1008 4318 restrum
1034 4241 1186 4318 cuilibet
1210 4245 1247 4317 in
1280 4245 1415 4320 virtute
1448 4257 1578 4321 sancte
1610 4239 1832 4322 obediencie
