4209 5034
742 470 1040 643 episcopatur
1053 533 1309 651 Augurum
1558 567 1568 575 ·
1622 532 1729 627 407
1797 618 1802 631 ,

341 764 525 871 paucitate
539 763 745 844 reddituum
759 766 834 844 ttttr
899 777 1004 843 neate
1022 760 1210 845 ¹ularnsuris
1224 776 1335 867 atque
1349 762 1433 843 aliis
1450 767 1726 869 provisionibus

342 866 571 944 necessariis
585 892 653 967 pru
667 867 818 943 aliarum
858 876 1044 943 cucurum
1058 864 1380 953 sanctimonialium
1394 861 1468 943 deu
1489 863 1727 947 tuibtdevote

341 966 598 1043 lamulaucium
631 967 852 1069 receptione
891 966 1081 1045 commode
1109 966 1251 1043 'iirmari
1283 989 1354 1041 uon
1386 977 1529 1068 poteret
1561 966 1727 1046 Prouide

344 1068 553 1142 nouerimus
587 1066 865 1145 considerantes
899 1066 1095 1169 lluspitnle
1128 1068 1246 1144 saneti
1266 1064 1312 1143 'S
1339 1066 1444 1143 iritns
1477 1069 1515 1143 iu
1538 1064 1727 1145 Suburbio

344 1162 457 1267 Opidi
482 1169 594 1241 nostri
608 1166 796 1263 Dilliugen
820 1164 1008 1243 multorum
1033 1186 1234 1267 pauperum
1258 1092 1432 1241 dediliuur
1451 1176 1487 1241 et
1505 1166 1726 1243 infirmorum
1804 1204 1824 1233 ·

343 1286 391 1342 ae
404 1264 558 1367 plurium
585 1264 788 1342 debiturum
814 1267 989 1343 oneribus
1015 1277 1203 1364 grauatum
1228 1264 1326 1365 quud
1351 1266 1424 1339 nisi
1448 1264 1558 1341 aliter
1572 1289 1642 1368 per
1657 1289 1728 1342 uos

344 1377 497 1465 pateruu
521 1361 779 1465 prouideretur
802 1368 937 1442 affeetu
958 1386 1145 1467 pauperes
1156 1360 1295 1441 Christi
1315 1363 1495 1439 alemunia
1509 1366 1727 1441 necessaria

345 1465 575 1567 priuareutur
589 1463 651 1541 Ac
675 1462 746 1539 ltus
772 1465 860 1541 itale
885 1467 1004 1565 ipsum
1028 1458 1130 1563 quud
1153 1465 1190 1538 in
1213 1464 1303 1538 suis·
1321 1458 1480 1539 edificiis
1505 1464 1642 1540 ruinam
1659 1465 1727 1539 mi·

344 1562 496 1683 nubatur
520 1566 667 1681 periret,
696 1488 1043 1685 Volentesldcircu
1068 1561 1243 1683 adillius
1267 1560 1413 1639 laudem
1439 1564 1502 1663 qui
1523 1584 1668 1683 pauper
1690 1574 1728 1641 et

344 1660 1729 1865 ttttttt‘ttttttttitttstt.tttttttpitttttttttdnt

344 1872 383 1937 ut
406 1872 571 1937 tenemur
595 1862 794 1940 subuenire
820 1865 947 1939 musis
971 1886 1017 1941 ac
1043 1862 1253 1937 nacionibus
1271 1858 1499 1963 supradlctis
1518 1870 1628 1961 atque
1641 1856 1729 1961 plu-

344 1960 549 2037 n'mis‘aliis
570 1962 723 2037 nmmum
737 1975 900 2039 numrnur
923 1962 1151 2041 mouentibus
1176 1960 1356 2063 prelatum
1366 1958 1728 2040 Munasteriumiam

344 2084 484 2137 vocans
509 2074 547 2137 et
572 2059 654 2137 lere
679 2056 892 2150 desolatum,
922 2084 1004 2139 cunr
1038 2063 1203 2138 omuibus
1228 2062 1309 2137 suis
1332 2058 1490 2137 turibus
1522 2055 1730 2138 redditibus

346 2160 584 2261 proueutibus
610 2160 897 2241 obneuciuuibns
913 2154 959 2239 u'c
975 2162 1214 2238 emolimentis
1229 2160 1506 2261 quibuscunque
1525 2158 1731 2235 numinibus
1792 2233 1798 2245 ,

345 2270 564 2335 censeantur
588 2276 768 2361 perpetuu
795 2274 830 2336 et
855 2260 1092 2339 irreuocabili
1116 2256 1333 2336 donacionis
1357 2259 1464 2335 titulo
1494 2282 1589 2357 pure
1620 2267 1731 2357 atque

345 2358 561 2460 simpliciter
584 2359 795 2435 melioribus
820 2356 929 2437 modu
963 2362 1024 2435 via
1047 2360 1144 2435 June
1180 2382 1297 2435 causa
1327 2370 1447 2457 utque·
1469 2356 1587 2433 forma
1621 2356 1732 2431 sicmi

346 2460 527 2561 potuimus
552 2470 587 2533 at
612 2480 660 2533 ue
686 2456 878 2535 debuimus
902 2458 1046 2559 prelato
1073 2456 1257 2558 Hospituli
1288 2478 1427 2555 prope
1471 2458 1568 2531 etnis
1593 2452 1731 2531 futuris

343 2482 702 2735 atteruntur*
724 2555 1448 2733 {dilucescentem
1467 2552 1732 2741 titana

344 2756 528 2837 volentes
552 2778 599 2831 ac
624 2681 828 2831 statdeutes
851 2766 890 2831 ut
915 2682 1096 2859 adneeps
1121 2754 1287 2855 magistri
1312 2755 1396 2830 siue
1413 2678 1602 2831 lidctores
1625 2750 1733 2828 Hos-
1890 2840 1894 2848 „

343 2857 468 2959 pictis
495 2850 662 2931 eiusdem
688 2877 755 2957 pro
779 2856 934 2947 utilitate
959 2866 997 2932 et
1023 2857 1249 2931 necessitate
1268 2874 1471 2954 pauperum
1483 2850 1733 2955 predictoru-

344 2958 480 3035 dictum
505 2954 768 3030 Muuasterium
803 2978 883 3031 cnm
919 2954 1076 3057 prefatis
1106 2954 1263 3031 Juribbs
1294 2952 1536 3030 emolimentis
1569 2962 1609 3029 et
1644 2948 1732 3027 aliia

370 3057 537 3134 uibusuis
563 3052 786 3155 supradictis
812 3056 954 3132 numine
987 3052 1183 3157 hospitalis
1208 3052 1404 3153 sepedicto
1435 3060 1584 3129 teneant
1604 3051 1732 3152 pussi-

344 3082 457 3233 deaut
481 3176 527 3229 ac
551 3154 755 3249 gubernent
777 3153 920 3231 fruetus
946 3150 1116 3231 redditus
1134 3152 1230 3231 Jura
1253 3163 1455 3253 prouentus
1480 3151 1733 3229 obneuciunes

345 3268 382 3332 et
396 3256 624 3332 emolimenta
649 3254 750 3329 illius
772 3266 810 3338 ut
835 3266 872 3330 et
895 3264 1061 3351 unquam
1076 3252 1171 3327 alios
1185 3254 1306 3353 ipsius
1322 3248 1518 3353 hospitalis
1532 3260 1733 3353 prouentus
1821 3301 1825 3309 ι

344 3350 506 3477 iucunde
532 3352 932 3473 dislocauduleuaudu
957 3352 1191 3473 imbursundo
1207 3362 1245 3427 et
1260 3344 1515 3469 distribuendo
1529 3358 1644 3522 prout
1658 3346 1733 3463 rti-
1774 3352 1779 3363 “

344 3458 437 3532 lttntn
470 3452 558 3528 drea
583 3452 788 3555 Hospitalis
817 3460 854 3529 et
888 3464 1104 3529 uecessttau
1139 3472 1340 3569 pauperum
1367 3449 1460 3535 turbt
1490 3472 1528 3523 ιιι
1555 3455 1734 3563 rennuunt

308 3636 313 3645 ·
346 3549 533 3731 ‘itit
559 3552 802 3729 titillat*
822 3549 1357 3727 ittttttdtt'tttttt
1382 3544 1735 3723 lilim&

344 3670 964 3833 1εθιΙιιιθΡίιιιιοοΙιεείιιΜοιιιιειιιιὶἰ
998 3747 1206 3826 huiusmodi
1237 3756 1450 3851 perpetuam
1480 3748 1629 3826 missam
1665 3762 1734 3847 pto

348 3851 544 3933 sacerdote
570 3852 733 3927 seculari
760 3850 808 3928 de
833 3850 1041 3927 redditibus
1067 3849 1289 3927 lllounsterii
1319 3842 1476 3923 tundent
1508 3858 1547 3924 et
1577 3854 1736 3923 statuam
1888 3916 1895 3939 ,

348 3978 427 4033 cum
445 3948 634 4057 prebenda
649 3954 877 4053 competenti,
894 3946 1014 4027 Cuius
1034 3948 1179 4051 quidem
1194 3949 1309 4027 misse
1328 3945 1570 4025 collusionem
1585 3954 1623 4023 el
1646 3964 1736 4047 pro-

347 4056 526 4131 uisiuuenr
551 4053 658 4129 uubis
684 4052 893 4151 nostrisque
919 4048 1218 4127 successoribus
1242 4047 1355 4151 pleno
1378 4048 1475 4125 June
1498 4064 1735 4124 reseruemus

348 4154 392 4231 Iu
418 4178 565 4257 quornm
591 4154 745 4229 omnium
769 4150 877 4229 tidem
903 4152 1016 4227 robur
1035 4144 1087 4227 'uc
1118 4151 1358 4225 testimonium
1390 4157 1587 4245 presentes
1618 4142 1736 4220 donu-
