4209 5034
696 548 963 660 episcopatus
987 550 1243 694 nagnam.
1311 519 1315 525 ’

864 982 1096 1070 erXXV.
1118 961 1124 972 ’

792 1219 880 1280 Anno
909 1219 1003 1282 uss.
1045 1220 1100 1283 ta.
1117 1219 1205 1281 mut

307 1409 627 1546 lnstmrmeutnm
657 1417 857 1501 notariale
886 1423 1019 1553 super
1051 1413 1129 1615 tlita
1166 1415 1220 1500 de
1257 1422 1413 1501 statuto
1441 1441 1572 1528 supra
1603 1421 1681 1506 rie·

884 1555 1049 1617 nomma
1069 1555 1107 1614 o.

406 1757 449 1836 lu
476 1763 615 1840 nomine
642 1759 774 1839 domini
800 1785 915 1839 amen.
951 1763 1062 1841 Auno
1085 1788 1111 1842 a
1133 1761 1336 1842 Nativitate
1361 1763 1527 1841 eiusdem
1552 1763 1684 1844 Mille-

307 1859 1140 1962 simoquadringeotesinrooctuagcsimoootauo
1156 1863 1358 1940 indictione
1375 1861 1496 1945 sexu
1511 1864 1574 1941 die
1589 1890 1683 1944 vero

233 1973 235 1978 ’
305 1957 393 2034 lune
418 1957 637 2038 duodecima
660 1963 797 2038 mensis
823 1964 903 2038 maii
930 1963 1169 2042 Pontificatus
1194 1961 1427 2041 sanctissimi
1459 1965 1496 2039 in
1530 1962 1683 2050 Christo

306 2059 420 2158 patris
461 2071 497 2136 et
534 2059 663 2138 donnini
694 2062 806 2138 nostri
843 2061 974 2140 rlomini
1014 2065 1231 2142 Innoceueii
1273 2063 1399 2138 diuina
1441 2063 1683 2164 prouidencia

306 2179 402 2259 pape
429 2162 549 2236 octaui
573 2185 666 2236 anuo
693 2175 820 2261 quarto
837 2161 955 2240 Rome
974 2164 1070 2266 apud
1087 2163 1262 2240 Sanctum
1279 2162 1428 2238 Petrum
1452 2175 1537 2240 ante
1561 2165 1682 2243 locum

248 2321 252 2326 .
306 2268 344 2336 et
377 2255 498 2333 horam
532 2255 728 2336 audiencie
761 2283 952 2336 causarum
987 2265 1191 2363 apostolice
1226 2272 1263 2337 et
1295 2285 1417 2338 coram
1451 2285 1507 2338 me
1539 2267 1681 2342 notario

222 2371 227 2376 ·
304 2355 537 2458 infrascripto
552 2359 797 2460 personaliter
814 2365 1028 2438 constitutos
1049 2361 1237 2440 discretus
1254 2362 1314 2434 vir
1329 2359 1522 2439 Johannes
1535 2361 1687 2464 Stunplf

306 2457 439 2534 domini
463 2461 578 2536 nostri
605 2485 650 2559 pa
678 2481 699 2534 e
726 2457 869 2536 Cursor
894 2459 1026 2562 prelati
1052 2459 1245 2559 Michique
1281 2455 1400 2534 eirlem
1423 2457 1592 2538 'Notario
1618 2485 1682 2538 re-

304 2553 386 2634 tulit
410 2579 454 2633 se
481 2555 530 2634 tle
556 2582 633 2634 man
661 2567 720 2634 ato
746 2559 959 2636 Reuereudi
992 2561 1029 2636 iu
1056 2557 1207 2636 Christo
1239 2560 1353 2660 patris
1387 2567 1424 2632 et
1449 2557 1583 2634 domini
1607 2561 1680 2636 Jo-

272 2716 276 2728 .
303 2651 434 2732 hannis
460 2656 635 2733 Anthonii
662 2656 724 2734 dei
750 2669 787 2734 et
812 2659 1016 2760 apostolico
1042 2655 1160 2736 Sedis
1185 2657 1307 2758 gratia
1329 2658 1493 2757 episcopi
1511 2659 1683 2734 Alexan-

304 2751 489 2832 drinensis
525 2759 631 2832 vuius
664 2780 714 2832 cx
754 2757 973 2834 reuerendis
1013 2759 1178 2860 patribus
1219 2755 1373 2832 dominis
1413 2757 1511 2832 sacri
1546 2759 1681 2858 palacii

302 2857 491 2955 apostolici
519 2879 708 2934 causarum
743 2854 966 2934 auditoribus
998 2879 1184 2958 causaque
1218 2870 1255 2934 et
1288 2857 1413 2931 causis
1443 2881 1486 2932 ar
1519 2859 1682 2958 partibus

298 2953 541 3056 infrascriptis
573 2955 621 3030 ‘ab
654 2955 784 3032 eodem
812 2956 955 3034 domino
980 2969 1104 3033 nostro
1137 2981 1232 3058 papa
1262 2953 1542 3032 locumtenentis
1576 2969 1612 3033 et
1647 2961 1682 3034 in

298 3051 422 3132 locum
446 3055 644 3132 reuerendi
670 3059 783 3156 patris
810 3056 940 3133 domini
958 3055 1134 3132 Anthonii
1152 3055 1201 3130 de
1217 3055 1337 3132 Gross
1360 3057 1527 3156 episcopi
1543 3055 1683 3132 Tibur·

302 3157 431 3230 liensis
447 3157 561 3232 eciam
576 3155 852 3232 locumtenentis
867 3159 1052 3256 surrogati
1070 3155 1285 3258 specialiter
1301 3155 1460 3254 deputati
1476 3155 1547 3230 sibi
1567 3179 1682 3257 super

302 3251 377 3332 hoc
403 3269 440 3330 vt
454 3255 614 3330 asseruit
627 3255 786 3354 legitime
802 3255 902 3331 lacto
927 3265 965 3333 et
981 3255 1030 3330 ad
1046 3250 1279 3355 prouiderunt
1303 3257 1461 3329 virorum
1487 3255 1682 3352 magistro·
1763 3333 1769 3340 ,

305 3379 381 3430 rum
405 3351 585 3430 Johannls
610 3353 703 3454 saliri
729 3366 765 3428 et
786 3353 942 3430 Andree
963 3377 1038 3429 von
1056 3353 1125 3428 der
1142 3351 1312 3451 clingeen
1335 3353 1371 3426 in
1387 3353 1549 3428 Romana
1563 3347 1680 3428 Curia

303 3477 496 3530 causarum
522 3465 559 3528 et
583 3453 845 3528 vorrerabilium
881 3463 918 3528 et
943 3456 1288 3553 circumspectorum
1320 3454 1479 3526 virorum
1516 3449 1679 3528 domino·

301 3579 379 3630 rum
406 3551 536 3628 decani
563 3547 833 3628 Canonioorum
859 3565 897 3628 et
921 3547 1084 3654 Capituli
1109 3551 1276 3628 ecclesie
1298 3551 1446 3647 maioris
1461 3550 1679 3642 Augusteu-

300 3653 357 3728 sis
382 3651 632 3751 principalium
656 3663 925 3753 procuratorum
960 3653 1174 3747 instanciam
1198 3645 1388 3751 prouidum
1414 3649 1528 3726 virum
1553 3647 1679 3745 Magi·

300 3764 413 3828 strunt
439 3751 584 3852 paulum
608 3749 732 3828 Koler
758 3776 808 3828 ex
834 3749 994 3826 aduerso
1026 3753 1063 3826 in
1098 3750 1227 3830 eadem
1260 3750 1422 3826 llomana
1453 3752 1554 3824 curia
1587 3772 1684 3826 cau·.

299 3875 420 3926 sarum
455 3861 490 3926 ct
529 3854 869 3953 circrrmspectorum
894 3853 1053 3926 virorum
1089 3850 1309 3926 dominorum
1343 3847 1590 3948 magistrorum
1624 3871 1675 3926 ex
1819 3841 1826 3864 '

150 3999 158 4008 -
300 3949 459 4026 aduerso
488 3951 736 4050 principalium
762 3961 1035 4052 procuratorem
1068 3947 1115 4025 ad
1142 3947 1433 4026 concludendum
1458 3957 1495 4023 et
1519 3943 1674 4024 andien-

300 4046 382 4124 dum
408 4049 642 4127 Sentenciam
675 4075 741 4152 per·
767 4049 942 4151 prelatum
968 4043 1147 4124 dominum
1171 4047 1397 4150 Episcopum
1424 4045 1674 4124 locumtenen-

299 4163 368 4224 tem
404 4145 643 4252 Surrogntum
677 4155 769 4228 inter
803 4161 925 4250 partes
957 4151 1229 4252 suprascriptas
1261 4151 1296 4224 in
1330 4169 1445 4224 causa
1477 4160 1513 4222 et
1548 4148 1673 4223 causis
