4209 5034
462 557 565 648 380
1048 561 1271 650 Iluberium

562 789 653 870 Item
678 789 849 872 Officium
874 789 1041 868 custodis
1066 791 1213 893 frugum
1237 789 1258 868 I
1281 786 1437 868 modium
1461 787 1634 890 siliginis.

512 1005 536 1082 s
562 905 654 1026 Item
679 907 789 986 habet
813 905 1033 984 'I'helonium
1060 909 1158 1008 quud
1183 915 1413 1017 nunpotest
1436 899 1486 982 ml
1519 914 1656 984 eertum
1681 889 1848 978 summum

466 1027 638 1084 esrmnrr.
919 1024 922 1030 ·

564 1121 644 1200 Istu
668 1131 753 1200 sunt
770 1117 927 1202 Curtiliu
945 1133 982 1198 et
1004 1135 1106 1200 ortus
1122 1137 1160 1200 et
1184 1147 1321 1204 censue
1342 1146 1479 1200 eurum.
1520 1121 1642 1199 Primo
1657 1115 1852 1200 Schuneu-

462 1222 601 1322 berger
625 1221 673 1297 de
700 1219 807 1320 domu
828 1233 866 1298 et
890 1233 983 1298 orto·
1014 1224 1105 1298 Item
1121 1223 1293 1315 Piscator
1316 1221 1338 1300 1
1361 1221 1531 1298 solidum·
1563 1221 1655 1298 Item
1671 1216 1853 1294 Eklrmtiu

466 1317 516 1398 tle
542 1321 664 1398 eurlili
690 1345 759 1399 suu
783 1323 843 1399 III
867 1317 1023 1398 solidos.
1062 1323 1154 1400 Item
1180 1321 1230 1399 de
1263 1319 1417 1423 quodum
1454 1334 1558 1424 prete
1582 1321 1643 1396 VI
1669 1313 1854 1396 denarius.

465 1420 556 1497 Item
581 1421 830 1516 IIermunnus¹
852 1417 901 1497 de
927 1416 1145 1524 Itunsperulr
1180 1420 1230 1498 ‹le
1262 1421 1385 1498 eurtili
1418 1443 1489 1498 suo
1512 1419 1650 1498 XVIII
1679 1413 1854 1494 denmius

465 1531 504 1596 et
529 1515 578 1596 de
604 1531 683 1596 urtu
708 1519 843 1596 XVIII
868 1517 1054 1602 donanim.
1105 1521 1196 1598 Item
1215 1514 1261 1612 C.
1277 1521 1408 1599 Gener
1434 1517 1521 1597 dieti
1544 1520 1662 1596 luusIn
1688 1527 1728 1594 et
1748 1515 1852 1592 faber

465 1618 526 1694 III
551 1615 695 1696 solium
730 1619 779 1698 de
812 1643 910 1698 uren.
960 1621 1050 1698 Item
1085 1620 1192 1698 luber
1225 1619 1274 1697 ‹le
1308 1619 1453 1699 lubrice
1483 1619 1523 1694 II
1557 1615 1713 1695 solidos.
1762 1615 1851 1694 Item

332 1757 339 1773 ·
465 1715 558 1794 Imrn
583 1714 633 1796 de
665 1743 754 1796 urea
793 1741 863 1796 sna
886 1719 924 1797 II
955 1721 1111 1796 solidum
1160 1710 1252 1796 Item
1292 1713 1392 1796 «lietu
1422 1717 1655 1796 veulmueriu
1674 1711 1736 1800 de
1767 1737 1853 1792 uren

465 1841 536 1893 suu
559 1817 695 1894 XVIII
721 1819 904 1898 nemrim.
953 1821 1043 1897 Item
1068 1819 1258 1918 wiggerin
1283 1818 1333 1896 tle
1362 1817 1518 1918 quedem
1542 1840 1632 1895 urea
1654 1814 1716 1892 VI
1738 1809 1853 1890 deue-

465 1919 555 1992 rios.
604 1917 695 1994 Item
721 1917 842 1994 dimus
868 1921 1008 1998 Zinuer
1041 1917 1089 1994 de
1113 1939 1204 1994 areu
1238 1941 1308 1994 suu
1332 1917 1374 1994 II
1397 1911 1554 1994 solidus.
1602 1917 1697 1992 Item
1721 1909 1854 1989 emtus

465 2009 515 2091 de
539 2035 630 2090 areu
654 2039 724 2090 suu
748 2017 788 2091 II
812 2017 970 2096 solidus.
1018 2018 1110 2092 Item
1137 2015 1186 2112 de
1220 2026 1301 2092 ortu
1334 2013 1425 2093 dieti
1458 2011 1584 2094 wulelr
1608 2011 1708 2090 lilius
1731 2012 1854 2088 Iusliui

465 2107 667 2190 laundun
693 2113 758 2190 vel
784 2125 969 2194 metretam
994 2117 1078 2193 olei·
1126 2115 1217 2191 Item
1241 2116 1366 2209 ueplln
1390 2134 1510 2214 gener
1546 2113 1634 2190 dieti
1660 2109 1855 2189 Buelrnelrt

465 2223 505 2288 et
528 2208 648 2288 dimus
675 2211 843 2290 GeltrIulr
870 2211 918 2293 de
941 2238 1030 2294 urea
1055 2212 1144 2290 dieti
1157 2211 1309 2292 Iloslin
1331 2214 1373 2289 II
1397 2212 1540 2290 mulidus
1567 2209 1602 2290 C
1628 2237 1701 2291 nun
1723 2211 1745 2286 1
1769 2209 1853 2312 pul·

466 2310 551 2388 lum.
598 2311 690 2388 Item
724 2313 844 2389 dietus
868 2315 1003 2392 Iquze
1029 2311 1079 2390 de
1111 2336 1203 2390 urea
1236 2337 1307 2390 suu
1331 2313 1351 2390 I
1374 2311 1534 2389 solidum
1569 2311 1634 2388 vel
1670 2321 1856 2386 metreta-

468 2409 556 2486 ulei·
605 2411 696 2486 Item
724 2411 844 2489 dietus
871 2411 1080 2492 Clruoelrliu
1106 2407 1156 2488 de
1180 2436 1270 2492 areu
1303 2409 1403 2514 uputl
1440 2423 1604 2489 sanetum
1629 2407 1856 2512 Stephanum

467 2509 528 2586 III
552 2507 718 2586 solidum
758 2512 848 2588 Item
873 2515 956 2594 Rue
1007 2537 1050 2590 er
1076 2511 1124 2588 tle
1148 2535 1238 2588 ureu
1262 2537 1334 2588 suu
1357 2511 1415 2588 IV
1442 2511 1587 2587 solidus
1611 2521 1649 2586 et
1675 2505 1725 2585 tle
1749 2520 1855 2601 prmo

468 2607 567 2686 (lietu
591 2609 816 2688 wvlffieslus
840 2612 880 2688 Π
905 2613 977 2692 ιο]ἰ
1004 2637 1058 2690 os.
1107 2611 1198 2688 Item
1225 2606 1275 2688 de
1306 2621 1388 2688 ortu
1414 2607 1600 2688 Sehekliu
1625 2607 1764 2684 XVIII
1788 2607 1857 2683 ‹le-

466 2710 602 2786 uarius.
654 2709 745 2786 Item
770 2707 891 2788 dictus
916 2710 1035 2792 Smer
1067 2705 1117 2788 tle
1139 2734 1229 2787 urea
1262 2735 1333 2786 suu
1356 2710 1378 2786 I
1401 2708 1560 2786 solidum
1594 2719 1632 2785 et
1666 2705 1716 2784 (le
1752 2707 1854 2807 agritt

468 2806 615 2884 duobus
641 2805 759 2887 dietus
774 2807 971 2914 Seleggel
995 2813 1147 2900 tercium
1172 2811 1400 2912 mqupulum.
1440 2807 1532 2886 Item
1549 2807 1658 2885 umult
1674 2803 1724 2884 de
1743 2807 1855 2907 pratis

471 2904 676 3008 Seheggel,
693 2907 731 2984 V
759 2909 917 2990 solides·
1067 2929 1072 2934 ·

567 3023 659 3098 Item
684 3023 893 3102 Notandum
921 3027 1018 3128 quud
1047 3025 1215 3105 domiuus
1240 3027 1453 3128 Episcopus
1483 3025 1723 3123 unguetenuIs
1748 3019 1852 3098 lrulnet

469 3122 539 3198 triu
571 3119 782 3200 hulzmurelr
814 3127 851 3200 in
886 3125 1096 3205 Bueltellun
1133 3128 1314 3205 videlieet
1337 3125 1587 3206 Seltuuelrriet
1623 3117 1853 3224 wullsperult

468 3231 507 3297 et
532 3219 689 3298 liuduelr·
732 3223 822 3301 Item
848 3222 958 3304 lubet
1009 3229 1178 3304 incuriam
1202 3230 1241 3302 in
1263 3225 1497 3304 Bunelrelun·
1539 3227 1632 3302 Item
1659 3219 1851 3300 hubetJuu

469 3315 736 3400 udvoeutieium
768 3348 883 3425 super
1036 3325 1195 3404 linebant
1229 3321 1330 3427 upurl
1361 3320 1593 3402 liudinbereh
1625 3334 1664 3400 et
1697 3321 1852 3421 quelibet

470 3417 592 3496 huubu
616 3421 730 3497 soluit
754 3421 853 3500 VIII
878 3437 1048 3504 metretas
1074 3448 1195 3504 uueue
1218 3427 1239 3502 1
1264 3447 1398 3524 egnum
1423 3425 1444 3502 I
1469 3426 1619 3528 pullum.

528 3521 532 3530 ’
569 3535 661 3612 Item
685 3535 796 3622 Imbet
821 3539 993 3616 iudicium
1020 3543 1123 3618 trium
1148 3541 1316 3618 villarum
1341 3540 1518 3618 videlieet
1537 3537 1746 3626 Buchelluu
1762 3533 1851 3612 'I'ul-

471 3631 639 3711 lishnseu
666 3649 703 3713 et
727 3635 945 3716 lindibereh.

565 3753 658 3830 Item
685 3750 801 3831 Curia
833 3757 869 3830 in
896 3729 1168 3836 Selreluenuwe
1201 3755 1259 3832 IV
1292 3755 1436 3832 medius
1468 3756 1631 3854 siliginis
1654 3755 1714 3832 lv
1737 3775 1849 3831 uueue

468 3847 623 4024 Ictpiltppi
647 3852 667 3926 I
693 3853 798 3929 ordei
822 3857 880 3933 VI
912 3855 1056 3933 solidos
1082 3879 1149 3960 pru
1181 3856 1361 3957 swiugelt
1385 3856 1443 3931 VI
1469 3855 1594 3956 pullos
1626 3857 1666 3933 II
1698 3875 1848 3932 anseres

567 4063 658 4140 Item
683 4069 719 4142 in
752 4067 977 4147 Liutliberelr
1005 4067 1122 4147 Curia
1157 4070 1245 4146 dieti
1269 4067 1534 4146 Lintelireher
1565 4069 1660 4147 LVI
1684 4079 1849 4146 metretae

466 4181 588 4242 uuene
601 4165 699 4243 XIV
724 4183 894 4290 metretas
920 4170 1028 4247 tritici
1047 4171 1107 4246 IV
1130 4170 1275 4247 suildns
1290 4168 1388 4245 VIII
1413 4165 1589 4246 denarios
1614 4173 1651 4246 iu
1668 4166 1852 4266 Swingelt
