4209 5034
719 560 1003 667 ‘episcopatus
1032 560 1293 676 Augustani.
1630 566 1732 653 239
1856 659 1863 671 ,
1940 490 1949 517 Ι

344 788 538 887 morisque
564 786 613 863 ad
645 788 710 865 illa
742 801 781 867 et
805 794 936 895 queuis
962 751 1048 867 salic
1079 790 1319 895 imposterum
1343 793 1540 872 obtinenda
1563 820 1610 873 ac
1633 797 1730 876 alias

344 911 460 988 supra
484 910 692 988 expressas
716 912 845 991 penas,
869 892 913 969 ln
933 887 968 968 Ο
1017 892 1108 967 itulo
1133 914 1226 969 vcro
1250 894 1294 967 ln
1319 898 1509 993 premissis
1533 893 1729 997 delinquu-

343 989 398 1063 tia
421 1012 487 1063 sus
539 992 677 1065 usionis
702 1014 726 1064 a
751 989 905 1073 diuinis,
933 1002 977 1084 ,et
1022 992 1231 1094 uipsorum
1257 990 1514 1093 delinquentes
1539 996 1727 1075 ecclesias
1787 984 1792 999 ⁸

342 1096 472 1209 atque·
531 1088 797 1207 canlnterdioti
835 1093 1047 1169 sentencias
1086 1093 1301 1209 auctoritate
1334 1096 1546 1195 apostolica,
1569 1096 1613 1171 Iu
1654 1095 1727 1172 biis

343 1187 1072 1388 contrectationes
1112 1186 1376 1379 illiti?
1388 1196 1729 1393 ,titinius

373 1386 557 1464 uindecim
588 1386 730 1464 dierum
761 1390 983 1490 prefatorum
1014 1390 1201 1495 terminupt
1239 1414 1263 1465 a
1297 1394 1493 1491 premissis
1522 1392 1728 1472 adlresioue

341 1413 505 1565 deuteria
539 1498 577 1563 et
602 1493 854 1591 occupociooe
870 1490 1016 1567 illicitis
1056 1488 1275 1581 destiterint,
1304 1486 1513 1591 dictumque
1547 1514 1727 1571 reueren-

340 1585 429 1662 dum
453 1599 591 1689 patrem
616 1586 796 1663 dominnm
821 1588 1061 1665 Ansbelmum
1086 1588 1256 1666 Electum
1287 1612 1354 1691 pro
1380 1588 1571 1695 Episcopo
1595 1604 1634 1669 et
1657 1616 1727 1693 pa·

340 1698 444 1763 store
470 1692 665 1763 animarum
697 1714 845 1765 suarum
880 1700 1151 1789 recognoscant
1180 1690 1347 1789 aliasque
1372 1694 1566 1793 premissis
1592 1694 1727 1768 nostris

340 1786 582 1863 Immouerius
597 1790 815 1888 apostolicis
833 1788 1010 1865 mandatis
1026 1788 1253 1865 satisfacient
1270 1788 1422 1865 realiter
1440 1802 1478 1866 et
1495 1814 1575 1867 oum
1591 1792 1726 1871 effectu

336 1885 1728 2089 intuiti?,intollittritrtdllttilltt'tenluz

337 2090 589 2188 peremptorio
637 2091 872 2189 presentibus
917 2093 1107 2185 assignato
1147 2100 1257 2165 sexta
1292 2084 1355 2164 die
1393 2086 1567 2167 Juridica
1606 2086 1727 2167 dictos
1835 2118 1841 2125 ·

402 2182 541 2261 ndecin
566 2184 649 2262 dies
673 2188 887 2267 Immediate
918 2199 1121 2289 sequentes
1157 2201 1219 2264 aot
1251 2188 1390 2265 aliosi
1425 2190 1592 2293 predicta
1617 2200 1727 2267 sexta

339 2210 425 2361 ἕξει
450 2284 623 2361 Joridiea
646 2310 718 2363 uon
742 2287 856 2363 inerit
879 2292 1048 2390 proxima
1073 2286 1135 2363 die
1149 2287 1322 2365 Juridioa
1346 2302 1527 2387 sequente
1550 2312 1621 2389 qne
1641 2288 1726 2366 Nos

337 2408 407 2485 pro
431 2386 604 2463 tribunali
629 2387 673 2462 ln
699 2388 784 2465 loco
808 2389 1019 2488 subscripto
1043 2400 1107 2461 aut
1130 2388 1203 2463 alio
1225 2400 1349 2463 nostre
1368 2386 1534 2463 diocesis
1554 2388 1602 2463 ad
1622 2412 1728 2487 quem

344 2487 467 2561 inraso
492 2486 581 2561 Nos
605 2485 795 2563 declinare
820 2488 1015 2587 contigerit
1038 2483 1252 2561 sedebimus
1278 2506 1384 2585 quem
1410 2488 1516 2561 etia·
1541 2490 1728 2563 terminum

352 2586 407 2662 eis
435 2596 471 2661 ct
502 2608 630 2663 eorum
656 2586 809 2663 cuilibet
832 2608 901 2687 pro
926 2586 1174 2687 peremptorio
1198 2588 1352 2661 termino
1378 2608 1423 2660 ac
1451 2588 1628 2663 canonico
1652 2608 1729 2662 mo

350 2686 488 2761 meone
513 2688 679 2788 presenti
702 2688 946 2786 assignamus·
995 2684 1163 2786 Recepta
1194 2686 1298 2787 prius
1332 2686 1527 2759 summaria
1558 2708 1604 2763 ae
1640 2688 1728 2763 sim·

341 2784 490 2887 pliciter
522 2798 559 2863 et
593 2784 644 2863 de
675 2787 786 2888 pleno
817 2788 901 2861 siue
936 2786 1093 2885 strepitu
1125 2794 1162 2861 et
1192 2785 1312 2883 figura
1343 2781 1486 2863 Judicii
1520 2783 1569 2862 de
1603 2808 1727 2863 eorum

340 2884 549 2961 rebellione
582 2900 619 2962 et
654 2881 907 2965 inobedientia
943 2883 1231 2979 lolcrmacioue,
1268 2883 1381 2984 Ipsos
1414 2896 1452 2961 et
1484 2906 1611 2961 eorum
1643 2886 1729 2961 loce

339 2987 556 3061 sentencias
572 3008 762 3073 ,censuras
786 2998 824 3061 et
849 3006 965 3087 penos
990 2980 1178 3087 predictas
1203 3006 1272 3061 eos
1306 2995 1505 3085 propterea
1529 2982 1729 3087 menodo-
1775 3016 1782 3029 ·

335 3082 435 3160 libet
457 3088 714 3185 contingentes
739 3085 921 3162 incidisse
946 3084 1239 3177 declarabimus,
1278 3079 1470 3185 dictasque
1503 3082 1727 3163 &runcise

336 3195 453 3303 atque
477 3207 594 3287 penas
621 3176 921 3262 denunciabimus
945 3196 983 3261 et
1008 3184 1242 3276 denunciari,
1275 3206 1417 3285 eosque
1441 3186 1551 3261 vitari
1577 3183 1726 3259 manda-

334 3285 469 3361 bamus.
520 3282 770 3362 Collstoribus
805 3306 950 3386 quoque
982 3285 1242 3361 beneficiorum
1274 3282 1475 3360 eounrdem
1507 3284 1728 3360 elericorum
1834 3296 1841 3311 ‘

332 3406 484 3461 necnon
510 3383 665 3461 dominis
687 3384 883 3461 feudorum
907 3406 981 3483 que
1004 3382 1137 3486 prelati
1161 3378 1327 3459 rebelles
1351 3392 1415 3457 aut
1429 3380 1631 3459 eorundem
1656 3382 1728 3457 ali-

335 3486 406 3586 qui
429 3500 493 3559 aut
515 3485 646 3584 anquis
679 3510 701 3561 a
735 3484 927 3585 quibusuis
958 3484 1138 3559 ecclesiis
1174 3483 1405 3558 monasteriis
1439 3492 1477 3558 et
1509 3482 1606 3557 loeis
1639 3480 1729 3559 aliis

334 3582 614 3661 ecclesiasticis
647 3585 806 3663 obtinent
845 3580 895 3660 de
925 3582 1071 3661 eisdem
1101 3592 1209 3684 prout
1241 3582 1428 3659 voluerint
1460 3592 1498 3658 et
1536 3579 1730 3658 debuerint

335 3682 565 3784 disponendi
609 3688 825 3761 auctoritate
870 3684 1081 3784 apostolico
1117 3684 1261 3785 plenam
1301 3676 1469 3759 dabimus
1509 3680 1728 3775 facultatem.
1892 3728 1896 3747 ·

334 3782 503 3861 Necnon
534 3803 604 3886 per
635 3784 778 3861 modom
812 3785 1097 3884 aggrauacionis
1123 3782 1451 3881 reeggrauaoiouis
1485 3792 1524 3858 et
1550 3780 1645 3857 alias
1676 3777 1728 3857 ad
1872 3824 1877 3833 ·

333 3886 523 3961 arctiores
548 3907 664 3985 penas
690 3894 727 3961 et
751 3886 965 3977 sentencias
987 3886 1095 3961 etiam
1127 3904 1247 3981 nsque
1279 3876 1329 3957 ad
1353 3880 1635 3961 lnoocaciouem
1660 3906 1728 3957 au·-

326 3984 423 4060 miii
448 3983 586 4061 brachii
612 3983 795 4061 secularis
819 3985 1003 4060 inclusiue
1027 3984 1167 4082 absque
1194 3982 1267 4057 alta
1289 3984 1494 4059 vocacione
1513 3986 1625 4083 juxto
1649 3992 1738 4062 tra-,
1889 4008 1898 4022 κ

335 4078 454 4158 duam
485 4107 510 4158 a
547 4082 644 4160 sede
675 4082 879 4186 apostoliea
911 4084 1018 4160 uobis
1056 4082 1208 4161 sormam
1239 4092 1368 4159 eontra
1406 4081 1530 4161 dictos
1561 4078 1727 4157 rebelles

335 4204 468 4259 eorum
484 4185 690 4283 erigentes
715 4186 901 4284 proteruia
925 4192 963 4260 et
988 4182 1194 4294 rebellione
1218 4180 1474 4283 procedemus.
1501 4182 1608 4256 Loca
1632 4200 1726 4255 rere
1887 4270 1890 4280 1
1952 4163 1955 4171 ’
