4209 5034
397 540 502 631 208
853 529 1242 631 ‘·‘'ntonumenta‚.
1288 552 1316 600 “·’
1358 560 1388 616 ft

395 778 459 853 tali
482 778 601 855 sancti
625 778 778 879 spiritus
804 772 943 875 oppidi
965 779 1083 853 nostri
1115 780 1153 853 in
1177 776 1340 875 dilingen
1366 796 1437 851 seu
1463 768 1649 877 Coppelle
1672 774 1777 852 eins-

396 876 481 953 dcm
504 878 650 952 nouiter
676 886 839 951 erectum
862 898 933 951 seu
958 880 1107 955 missam
1122 888 1332 978 perpetuam
1360 876 1396 949 in
1421 874 1553 952 eodem
1577 876 1685 951 altari
1708 896 1778 976 per

396 976 599 1077 specialem
623 974 855 1052 sacerdotem
879 971 1037 1054 atnamei‘
1048 974 1256 1054 secularem
1271 971 1451 1073 deinceps
1468 976 1660 1092 perpetuis
1684 985 1776 1051 tem·

395 1076 549 1177 poribus
581 1071 731 1153 cottidie
764 1073 1014 1177 peragendam
1046 1098 1114 1177 pro
1153 1099 1316 1174 congrua
1348 1084 1623 1151 sustentaorone
1656 1075 1776 1176 ipsios

395 1172 605 1251 sacerdotis
628 1178 745 1275 ipsam
771 1176 916 1251 missam
942 1178 999 1251 sio
1020 1176 1226 1253 celebranti
1241 1175 1412 1252 beniuolo
1425 1196 1612 1251 consensu
1626 1170 1776 1250 fratrum

396 1296 545 1350 suornm
570 1277 731 1371 legitime
757 1274 869 1350 duxit
888 1274 1079 1354 dotandam
1103 1272 1325 1353 fundandam
1355 1287 1393 1353 et
1417 1274 1599 1352 deuooius
1624 1275 1777 1373 erigen-

395 1372 479 1450 dam
504 1387 543 1449 ut
566 1377 604 1449 in
630 1372 753 1450 literis.
773 1376 981 1475 patentibus
1005 1398 1074 1476 per
1094 1398 1175 1452 eum
1199 1374 1364 1475 desuper
1379 1372 1561 1451 conlectis
1580 1366 1781 1451 euidenter

393 1486 560 1647 apparot.
585 1473 712 1567 Quare
736 1476 844 1550 nobis
869 1486 1044 1574 amquam
1067 1472 1146 1551 lo‘ci
1167 1472 1360 1553 ordinario
1387 1469 1469 1549 cum
1493 1468 1713 1565 reuerentia
1738 1484 1779 1549 et

393 1595 440 1649 so
455 1577 506 1649 ita
531 1575 754 1674 benignitate
775 1577 959 1654 seriosius
972 1575 1214 1675 supplicabat,
1240 1587 1297 1669 ut¹
1329 1575 1543 1674 rescriptam
1565 1574 1688 1673 ipsius
1706 1570 1776 1649 do-

393 1674 575 1748 tacionem
600 1698 731 1749 nouam
755 1696 827 1749 scu
851 1672 1122 1751 ordinacionem
1156 1688 1193 1750 et
1222 1599 1481 1749 funthrcionem
1504 1672 1712 1773 approbare
1737 1685 1776 1748 et

393 1771 577 1849 ratificare
597 1766 830 1871 dignaremur
845 1785 883 1849 et
899 1776 1120 1869 auctoritate„
1132 1773 1315 1851 ordinaria
1331 1774 1541 1945 glraciosins
1562 1772 1775 1847 confirmare

393 1869 577 1947 Redditus
604 1886 640 1949 et
665 1874 759 1950 hona
784 1874 990 1975 prescriptc
1014 1872 1182 1949 ecclesie
1206 1895 1339 1973 parroc
1366 1870 1448 1972 ialis
1477 1872 1514 1947 in
1539 1870 1776 1971 Kicldingeu

394 1981 432 2046 et
456 1969 532 2046 lille
558 1995 628 2047 sue
653 1972 690 2046 in
715 1971 858 2066 Kirstat
883 1994 964 2049 cum
988 1968 1149 2072 'singulis
1175 1964 1383 2049 attinenciis
1411 1974 1498 2067 suis
1525 1984 1562 2046 ut
1589 1971 1776 2071 prefertur

393 2064 444 2145 ad
468 2067 820 2163 huiusmodialtare
852 2075 971 2148 sancti
996 2071 1172 2173 Anthonii
1196 2087 1266 2148 seu
1292 2074 1437 2147 missam
1462 2082 1674 2171 perpetuam
1706 2093 1775 2172 pro

393 2172 666 2247 sustentacionc
691 2169 900 2247 sacerdotis
924 2193 1003 2248 eam
1021 2171 1221 2268 celebranti
1246 2172 1348 2247 iuxta
1374 2196 1476 2248 suam
1502 2169 1775 2247 ordinacionem

393 2268 488 2345 alias
514 2266 679 2371 desuper
700 2270 833 2347 factam
859 2284 898 2347 ut
923 2268 1109 2373 prefertur
1134 2268 1294 2347 vuieudo
1320 2264 1591 2373 incorporando
1625 2280 1661 2345 et
1685 2292 1775 2371 per-

392 2370 535 2445 enniter
558 2366 800 2465 annectendo,
824 2368 911 2447 Nos
936 2392 1030 2447 vero
1056 2394 1136 2446 eum
1158 2382 1285 2472 parata
1304 2374 1434 2447 urentis
1451 2370 1643 2445 allectione
1663 2370 1784 2469 iustis}

392 2478 430 2545 et
453 2465 699 2548 laudabilibus
720 2472 816 2546 rotis
839 2481 949 2571 atque
969 2470 1144 2577 precibus
1163 2472 1283 2573 ipsius
1306 2470 1436 2547 decani
1459 2469 1627 2546 ecclesio
1646 2476 1785 2545 nostre'

389 2572 629 2668 augustensis
670 2566 878 2670 Cupientes
918 2592 1082 2649 annuere
1131 2582 1168 2647 et
1204 2568 1503 2647 desiderabiliter
1542 2590 1619 2645 com
1647 2568 1774 2646 lacere

313 2673 323 2679 “
392 2690 577 2745 consensu
602 2683 640 2745 et
663 2671 850 2746 voluntate
873 2670 1137 2746 venerabilium
1170 2681 1207 2743 ct
1232 2670 1339 2745 nobis
1371 2672 1408 2744 in
1436 2667 1587 2747 Christo
1613 2594 1774 2744 thlecto-

392 2770 469 2841 rum
494 2768 652 2843 llrioriei
677 2768 899 2869 Burggranii
934 2770 1109 2871 prepositi
1141 2768 1267 2843 fratris
1299 2770 1360 2844 sui
1392 2780 1430 2844 et
1467 2770 1586 2846 tocius
1620 2766 1773 2871 capituli

390 2868 558 2942 ecclesie
583 2876 708 2943 nostre
732 2874 970 2966 augustensis
995 2867 1162 2966 predicte
1187 2866 1309 2944 adhoc
1338 2866 1485 2970 plenius
1510 2866 1773 2944 accedentibus

390 2980 429 3061 et
454 2964 613 3061 singulis
639 2964 812 3063 adhibitis
837 2966 1184 3066 sollempnitatibus,
1217 2988 1288 3067 que
1315 2970 1352 3043 iu
1374 2968 1507 3045 talibus
1540 2968 1773 3067 requiruntur

390 3077 460 3139 tam
477 3063 525 3140 de
546 3065 812 3142 consuetudine
826 3089 931 3166 quam
947 3062 996 3141 de
1008 3069 1101 3158 iure,
1127 3062 1246 3141 dictas
1267 3066 1522 3144 fundacionem
1542 3066 1784 3143 dotaciouem.

390 3174 429 3239 et
453 3164 724 3243 ordinacionem
749 3186 818 3267 per
842 3162 977 3242 dictum
1003 3164 1182 3241 decanum
1209 3163 1333 3244 debite
1358 3180 1395 3243 et
1421 3168 1601 3244 canomoe
1626 3177 1665 3241 nt
1680 3185 1783 3267 pre:

390 3265 564 3341 scribitur
587 3266 707 3342 factas
732 3264 976 3367 approbamus
1002 3277 1039 3340 et
1064 3264 1302 3361 ratificamus,
1327 3290 1375 3342 ac
1401 3290 1450 3344 ex
1477 3274 1580 3344 certa
1604 3266 1771 3343 sciencia

389 3358 439 3439 ad
463 3364 608 3441 landem
641 3362 704 3440 dei
736 3366 989 3466 omnipotentis
1021 3364 1292 3464 gloriosissime
1324 3368 1479 3465 virginis
1512 3366 1625 3441 marie
1659 3378 1771 3466 atque

388 3466 542 3538 omnium
580 3476 786 3539 sauctorum
820 3466 904 3540 siue
937 3474 1057 3541 tannen
1092 3462 1297 3564 preiudicio
1330 3466 1497 3543 ecclesie
1529 3459 1771 3567 parrochialis

388 3564 427 3638 in
451 3561 617 3661 dilingen
642 3562 885 3642 effectualiter
909 3564 1159 3640 confirmamus
1184 3576 1222 3640 et
1247 3590 1327 3639 cnm
1352 3566 1557 3666 spiritualia
1574 3565 1657 3639 sine
1677 3576 1769 3639 tem-

415 3660 579 3738 oralibns
623 3658 770 3739 diucius
817 3687 890 3741 non
928 3666 1133 3742 subsistunt
1180 3662 1376 3741 ecclesiam
1420 3662 1688 3766 parrochialem
1731 3665 1770 3738 in

386 3687 621 3861 hirsingen
653 3774 849 3867 protactmu
885 3788 1039 3841 ruacum
1071 3762 1148 3840 lilia
1179 3785 1250 3839 sua
1281 3757 1427 3841 Kirstat
1457 3762 1696 3840 adnocaciam
1733 3772 1801 3839 et·

387 3862 659 3963 iuspatronatus
685 3864 850 3964 eiusdem
875 3862 969 3941 alias
999 3887 1069 3967 per
1093 3862 1248 3941 eundem
1281 3862 1459 3941 decanum
1491 3886 1584 3949 vero
1610 3872 1648 3937 et
1671 3864 1769 3940 insto

316 4000 322 4007 ·
388 3955 621 4037 vendicionis
659 3962 764 4040 titulo
800 3960 853 4041 ad
886 3964 927 4039 id
965 3974 1104 4067 emptas
1147 3974 1184 4039 et
1220 3975 1448 4065 comparatas
1470 3988 1564 4040 cnm
1601 3962 1769 4040 omuibus

388 4058 569 4137 fructibus
594 4060 964 4142 redditibns'iuribns
989 4076 1030 4141 et
1051 4062 1342 4140 obuenoionibus
1366 4086 1413 4141 ac
1426 4062 1665 4165 pertinenciis
1687 4062 1769 4139 suis

387 4158 545 4258 singulis
571 4162 893 4266 incorporauimus
929 4174 969 4242 et
998 4164 1182 4241 vninimus
1223 4164 1327 4241 altari
1367 4165 1484 4242 sancti
1518 4158 1695 4243 Anthemii
1728 4162 1767 4243 in
