4209 5034
738 494 1005 603 episcopatus
1034 493 1290 609 Augustani·
1615 492 1709 585 tet

880 906 1135 994 LXXXIX.
1219 914 1225 921 '

633 1224 641 1237 ‚
799 1142 888 1204 mne
909 1144 1004 1207 tter.
1035 1147 1067 1207 a.
1087 1144 1235 1221 nmmo.

316 1336 596 1425 Eberhardus
633 1362 701 1449 ep.
742 1341 1042 1429 institutionem
1080 1348 1121 1430 et
1157 1338 1440 1430 fundationem
1470 1318 1705 1433 conventus

315 1456 612 1573 religiosorum
657 1460 844 1545 virorum
883 1461 985 1549 Ord.
1026 1458 1228 1549 carthus.
1271 1462 1315 1547 iu
1357 1460 1614 1549 Buehshaim
1651 1486 1706 1550 ex

379 1574 614 1661 redditibus
642 1576 851 1665 ecelesiae
880 1576 1136 1698 collegiatae
1165 1579 1317 1665 ibidem
1346 1586 1477 1667 ratam
1504 1581 1647 1667 habet.
1725 1685 1731 1707 x

417 1806 504 1885 Nos
528 1806 774 1886 Eberhardus
810 1810 872 1889 dei
907 1818 945 1884 et
968 1814 1176 1911 apostolice
1208 1812 1315 1893 sedis
1410 1816 1470 1892 cia
1492 1812 1709 1946 Episcopus

311 1911 572 2009 Augusteusis
596 1908 886 1987 Honorabilibus
911 1920 948 1983 et
973 1914 1080 1989 nobis
1101 1916 1138 1989 in
1158 1909 1309 1993 Christo
1356 1916 1492 1992 illectis
1509 1913 1708 1991 iridertco

313 2010 544 2110 Burggrauii
570 2013 761 2113 preposito
786 2011 916 2088 Virico
941 2008 1140 2114 Burggruii
1165 2012 1309 2093 decano
1342 2014 1504 2117 'l'otique
1531 2008 1708 2117 Capitnlo

314 2110 488 2187 ecclesie
513 2123 639 2187 nostre
664 2113 920 2211 Augustensis
946 2106 1113 2190 Salutem
1140 2128 1177 2193 et
1200 2116 1381 2192 sinceram
1408 2117 1445 2189 in
1471 2114 1615 2190 domino
1641 2128 1709 2190 ca·-

108 2245 109 2254 κ
222 2268 231 2275 .
315 2213 469 2286 ritatem
520 2208 668 2286 Dudum
701 2210 799 2287 bone
829 2212 1002 2289 memorie
1038 2211 1207 2291 dominus
1238 2213 1461 2293 Burkardns
1492 2212 1709 2317 Episcopus

317 2312 576 2410 Augusteusis
600 2305 819 2392 immedietas
842 2308 1097 2413 prodecessor
1131 2327 1257 2390 noster
1290 2312 1373 2389 tium
1410 2314 1509 2390 vixit
1540 2312 1708 2391 Salutem

318 2413 434 2487 anime
456 2432 528 2487 sue
545 2422 583 2488 et
599 2409 790 2488 multorum
806 2409 985 2487 hominum
1006 2412 1218 2489 felicitatem
1222 2412 1469 2587 1perhennem.
1494 2406 1706 2489 Attendens

322 2508 415 2610 quod
441 2506 652 2629 sottogium
678 2510 902 2629 secularium
928 2512 1146 2588 elericorum
1169 2514 1207 2587 in
1234 2510 1411 2631 ,ucslrein
1431 2510 1573 2633 labens
1589 2510 1707 2629 eciam

327 2608 1551 2813 tentaterit?'estitittittititdtttttd
1576 2608 1711 2787 titt

320 2811 416 2911 gir·
449 2806 500 2887 de
525 2832 714 2888 consensu
737 2812 917 2912 prepositi
949 2806 1085 2888 decani
1117 2822 1155 2888 et
1184 2810 1242 2889 Ca
1271 2810 1349 2889 itnli
1382 2822 1508 2889 nostre
1532 2808 1708 2889 ecclesie

315 2912 574 3012 Augustensis
600 2924 638 2988 et
662 2914 700 2986 in
725 2910 856 2988 eodem
879 2908 968 2989 loco
993 2908 1208 2988 Buchshain
1234 2835 1467 2991 &cusentum
1492 2910 1709 3009 Religioso-

314 3036 396 3087 rum
427 3012 590 3087 virorum
625 3008 775 3088 fratrum
807 3010 949 3088 ordinis
982 3007 1240 3090 cartusiensis
1274 3011 1457 3089 ordinauit
1487 3022 1525 3089 et
1555 3010 1708 3087 institnit

311 3110 527 3211 Religiosis
550 3106 687 3187 itidem
709 3109 885 3187 tratribus
910 3108 1078 3189 redditus
1104 3106 1318 3212 codegine
1345 3112 1511 3189 ecclesie
1536 3106 1707 3214 predicte

309 3208 498 3288 tradendo
523 3222 561 3287 et
582 3234 653 3315 pro
675 3214 869 3313 perpetuis
892 3213 1119 3315 temporibus
1143 3210 1367 3309 assiguando
1393 3232 1444 3289 ex
1469 3213 1596 3287 causis
1623 3232 1706 3285 eum

308 3312 548 3389 monentibus
599 3333 647 3388 ue
671 3314 789 3386 omnio
821 3313 1005 3413 premissa
1037 3310 1217 3389 habentur
1249 3323 1288 3388 et
1319 3308 1579 3387 describuntur
1605 3308 1707 3386 olore

308 3415 350 3489 in
379 3411 487 3487 litera
516 3335 650 3514 preqiati
683 3408 817 3487 domini
846 3406 1039 3487 Bnrkardi
1071 3434 1142 3487 suo
1175 3421 1212 3487 et
1246 3406 1409 3512 Capituli
1443 3410 1558 3521 nostri
1590 3430 1707 3504 augu-

309 3511 460 3593 stensis
483 3510 620 3607 sigillis
645 3534 762 3613 snper
786 3513 978 3612 premissis
1003 3513 1159 3587 narretis
1183 3508 1346 3611 legitime
1372 3510 1597 3587 communitis
1623 3508 1706 3586 Ve-

307 3636 397 3689 rum
422 3612 459 3685 in
485 3606 659 3713 predicta,
683 3606 923 3689 ordinacione
954 3608 1183 3689 honorabilis
1214 3612 1274 3685 rir
1307 3608 1475 3685 domnus
1507 3608 1708 3686 Hainricus

309 3709 369 3790 de
394 3708 573 3787 Ellrbach
598 3706 814 3789 canonicus
838 3714 1078 3808 augustensis
1112 3722 1151 3788 et
1208 3710 1395 3811 repositus
1420 3704 1590 3786 ecclesie
1614 3705 1709 3787 Col-

307 3813 456 3908 legiate
480 3809 650 3914 predicte
675 3810 844 3889 cnutus
860 3808 1086 3888 Redditibus
1108 3822 1147 3889 et
1169 3732 1350 3886 tinnitus
1371 3806 1420 3885 ad
1432 3810 1708 3928 preposituram

310 3934 422 3991 suam
446 3909 694 4012 supradictam
715 3912 980 4015 pertinentibus
1004 3910 1055 3987 od
1080 3908 1351 3987 ordinacionem
1376 3919 1414 3986 et
1430 3912 1709 3987 rnmutociouem

310 4010 523 4115 predicta·
547 4005 597 4086 ad
621 4034 703 4087 enm
727 4034 796 4115 pro
821 4021 909 4090 tunc
933 4011 1199 4115 pertinentibus
1223 4020 1263 4086 et
1290 4010 1328 4085 iu
1354 4030 1505 4109 quorum
1528 4008 1709 4085 fructuum

311 4112 564 4217 possessione
594 4120 684 4189 tunc
708 4109 831 4215 iuerat
862 4110 912 4188 ad
943 4110 1165 4188 voluntatem
1197 4120 1236 4187 et
1268 4106 1543 4187 ordinacionem
1573 4108 1710 4209 prefati
