4209 5034
554 465 557 476 ¹
699 506 968 614 episcopatus
998 507 1255 622 Augustani,
1548 509 1671 601 385

385 739 476 816 Item
502 732 552 813 de
576 759 635 828 00,
660 735 757 838 quod
792 736 927 816 dieitur
958 737 1152 816 uotwaolts
1177 739 1371 837 aoluuutur
1394 741 1526 818 XXX·
1558 743 1693 822 solidi.

288 839 517 917 denariorum
535 837 613 912 XV
632 839 669 911 iu
691 837 790 912 testo
808 835 1019 914 Natiuitatis
1042 835 1176 914 domiui
1201 851 1239 914 et
1263 838 1341 915 XV
1366 842 1403 914 iu
1423 841 1520 917 sesto
1547 859 1674 942 pasce.

275 995 277 1003 ,
384 939 479 1014 lom
493 938 663 1014 temtum
671 935 882 1038 Ept'reopor
898 937 1071 1016 Burlrurt
1087 941 1242 1024 otrmutr
1256 965 1328 1039 per
1343 940 1586 1032 5500050000
1605 943 1674 1019 do-

278 1044 377 1115 ·mim'
399 1039 451 1114 Il.
477 1037 522 1114 de
537 1035 820 1137 Gomppeoberp
844 1051 1023 1139 tanquam
1045 1044 1154 1116 unius
1178 1040 1316 1115 arbitri
1339 1040 1480 1117 domim
1490 1040 1675 1141 Ilptaeopt

281 1138 445 1238 predicti
466 1151 500 1212 et
520 1133 694 1214 Ciuitatis
718 1160 829 1212 mrrrm
849 1140 1033 1234 florenum
1059 1137 1225 1215 mmm·
1250 1138 1538 1216 deMoleodimie
1562 1141 1673 1217 dietr’a

280 1235 534 1338 Solottffmrilr'o
556 1237 823 1334 pertiamtllua
847 1237 899 1312 orl
921 1261 1061 1313 aeuum
1084 1237 1335 1314 molendinum
1359 1239 1406 1314 de
1429 1263 1503 1339 quo
1526 1239 1669 1317 duntur

281 1337 472 1436 apocope
496 1340 714 1435 aupmtma·
736 1337 895 1435 quolibet
919 1361 1019 1414 uouo
1049 1335 1092 1412 V.
1118 1338 1235 1412 55000
1269 1343 1551 1436 oupmtemtom
1573 1363 1669 1414 euu-

280 1435 364 1512 dem
383 1437 568 1531 llorertum
591 1433 757 1508 5005000
780 1435 1092 1535 superatorum
1114 1451 1151 1512 et
1175 1438 1237 1512 itte
1254 1443 1320 1537 qui
1337 1452 1433 1512 terret
1458 1442 1499 1512 iro
1519 1443 1667 1538 0590000

279 1539 523 1632 proprietatis
556 1549 592 1608 et
623 1531 777 1608 domina·
807 1536 959 1610 eoeleste
997 1540 1231 1634 ommtmstr
1264 1537 1503 1615 collationem
1541 1553 1669 1637 petere

159 1693 162 1699 ,
214 1696 219 1704 .
280 1631 383 1709 delet
407 1657 433 1706 o
461 1626 620 1707 Domr'oo
644 1625 683 1700 Ε
716 1637 831 1730 'copo
855 1649 890 1710 et
913 1639 992 1710 suis
1015 1634 1300 1711 sacceam-itm.

380 1729 447 1804 Isti
474 1743 558 1806 suut
592 1725 659 1805 red
689 1731 760 1804 itus
795 1729 843 1808 de
870 1727 985 1808 Curia
1017 1732 1304 1808 forestariorum.
1353 1731 1477 1808 Primo
1502 1733 1607 1810 ouria
1631 1735 1667 1807 iu

281 1827 581 1904 Zusmarshuseu
609 1829 717 1904 soluit
734 1829 851 1906 XXV
875 1827 1019 1906 solidos
1044 1832 1282 1906 denariorum·
1321 1827 1411 1906 Item
1437 1828 1512 1906 XL
1536 1843 1666 1906 muttas

280 1949 413 2002 aueue·
448 1927 552 2001 Item
577 1927 651 2001 XL
684 1925 848 2026 plaustra
879 1931 1068 2024 lignorum.
1117 1931 1208 2005 Item
1234 1929 1308 2004 XL
1340 1931 1464 2027 pullos
1497 1932 1665 2030 010010-

280 2039 393 2122 geuta
418 2048 498 2098 oua.
548 2021 638 2100 Item
664 2023 775 2098 soluit
799 2027 897 2102 XVI
923 2019 1064 2105 modios
1090 2050 1209 2102 auene
1237 2027 1284 2102 de
1315 2029 1519 2103 noualibus.
1674 2063 1677 2066 ·

279 2215 304 2294 d
378 2119 612 2298 le'bomia
636 2126 672 2196 in
699 2121 886 2202 Stritheim
911 2127 1023 2204 soluit
1049 2139 1182 2203 tautum
1207 2138 1245 2201 et
1268 2125 1344 2202 XII
1370 2125 1512 2202 modios
1546 2151 1664 2207 aueue

306 2245 474 2298 euouar
501 2246 557 2298 us.
739 2283 744 2287 .

378 2322 469 2396 Item
496 2331 580 2394 suut
605 2321 654 2395 ibi
681 2319 754 2396 duo
787 2319 909 2396 huobe
947 2343 1018 2420 que
1044 2319 1213 2396 dicuutur
1245 2321 1480 2421 houegleheu
1516 2328 1663 2424 quarum

280 2417 578 2519 quelibetsuluit
602 2419 633 2493 I.
658 2419 783 2494 libram
810 2417 1052 2494 denariorum.

377 2519 468 2594 Item
494 2520 598 2592 curia
630 2519 667 2592 iu
692 2517 968 2596 weruiswaueh
1001 2519 1113 2593 soluit
1147 2517 1244 2592 sieut
1277 2517 1379 2591 ouria
1411 2519 1447 2592 iu
1482 2516 1664 2595 Zusmar-
1798 2543 1801 2551 ·

277 2613 419 2712 husen,
459 2617 530 2692 sed
556 2617 703 2716 nonalia
735 2641 807 2692 uon
843 2628 927 2692 suut
959 2618 1018 2692 ibi·
1071 2617 1162 2691 Item
1193 2619 1230 2690 iu
1256 2611 1419 2692 Ostheim
1453 2629 1512 2693 est
1544 2619 1663 2697 media

279 2713 397 2793 Curia
433 2739 504 2816 que
538 2719 650 2792 soluit
682 2709 911 2792 medietatem
944 2711 1192 2818 predimorum
1223 2711 1440 2790 reddituum.
1498 2715 1661 2794 Noualia

276 2839 349 2891 nou
375 2827 460 2894 suut
485 2816 544 2891 ibi.
593 2815 683 2894 Item
710 2818 745 2889 iu
771 2815 1032 2894 adelhartsriet
1066 2825 1124 2892 est
1149 2814 1271 2892 medie
1304 2817 1404 2890 eurio
1442 2837 1514 2918 que
1547 2818 1661 2896 soluit

276 2919 374 2993 sieut
396 2917 433 2990 iu
457 2911 632 2990 Ostheim.
680 2915 772 3007 Item
796 2913 836 2992 X
861 2911 1003 2992 modios
1029 2939 1147 2992 aueue
1171 2917 1219 2991 tle
1244 2915 1449 2991 noualibus.

298 3115 307 3133 ⁶
373 3016 463 3092 Item
489 3017 528 3090 iu
552 3012 830 3096 deukelsherbo
864 3028 922 3092 est
947 3020 1071 3110 ourie‘,
1107 3039 1179 3118 que
1214 3017 1323 3104 soluit
1348 3016 1369 3090 1
1393 3015 1518 3092 libram
1544 3015 1660 3092 dena·

277 3137 464 3331 ΓΗ1ῗι111500
490 3191 524 3290 iu
549 3212 769 3317 Epleurietlt
795 3224 852 3289 est
877 3213 991 3307 ouria,
1019 3237 1090 3314 que
1117 3215 1223 3290 etiam
1247 3214 1359 3317 soluit
1382 3213 1414 3288 1.
1440 3213 1658 3292 115000050-

276 3333 469 3487 ῃειηο1111
496 3415 533 3488 u
557 3363 716 3490 risse.

375 3709 441 3784 Isti
457 3719 541 3784 suut
559 3686 724 3784 redditus
741 3709 874 3784 domiui
886 3709 1067 3810 Episoopi
1086 3711 1322 3805 augustensis
1345 3708 1380 3780 iu
1398 3706 1498 3784 villis
1517 3708 1656 3786 Osteo-

276 3806 362 3884 dorl
385 3820 423 3884 et
448 3803 700 3885 Westeudurf
722 3806 771 3883 de
794 3822 950 3908 utraque
981 3809 1073 3883 uilla
1104 3805 1282 3882 lrabeutur
1305 3805 1422 3882 XXII
1446 3807 1655 3886 halblruobe

300 3927 422 3982 uatum
456 3909 616 4006 quelibet
652 3909 766 3985 soluit
796 3909 816 3982 I
850 3921 990 3984 multam
1023 3907 1134 3981 tritici
1166 3922 1202 3982 et
1225 3906 1246 3981 I
1271 3903 1427 3981 modium
1466 3931 1586 3984 aueue
1620 3921 1658 3986 et
1817 3980 1820 3986 .

303 4110 311 4126 ·
395 4006 579 4128 denarios,
604 4007 747 4105 quaudo
773 4008 901 4084 lenum*
917 4031 989 4126 uuu
1014 4006 1217 4177 eolliffiitun
1242 4004 1314 4083 sed
1339 4007 1372 4124 si
1398 4005 1522 4082 fenum
1547 4007 1656 4084 eolli-

276 4119 371 4204 grtur
394 4129 463 4206 per
487 4107 714 4210 Episcopum
739 4119 825 4183 tuuc
850 4107 1011 4206 quelibet
1027 4103 1113 4204 halp
1142 4107 1235 4180 uoba
1259 4105 1370 4180 sulurt
1386 4119 1519 4183 tautum
1543 4108 1564 4183 I
1588 4131 1655 4182 so-

301 4236 613 4285 nauseamentis.
629 4249 671 4280 ιη
685 4235 829 4279 mortomar·
843 4246 916 4279 nova·
926 4233 979 4282 vu.
995 4233 1051 4276 rm
1066 4232 1097 4274 ra
1267 4219 1329 4294 49
1348 4271 1354 4286 ,
