4209 5034
650 549 918 660 episcopatus
945 551 1203 666 Augustani.
1444 502 1457 688 ρ’
1553 551 1657 638 337

98 821 105 859 t
191 781 198 790 '
268 781 402 885 prefsti
429 777 617 862 Cononem
641 805 711 884 per
734 776 870 860 dictum
894 781 1129 886 Propositum
1151 808 1221 886 pro
1244 793 1410 885 tempore
1435 783 1657 864 existentem

99 901 101 912 ’
264 883 431 1057 Bersolni
469 883 615 960 solitum
637 893 699 958 snt
732 880 816 959 Sex
842 882 979 960 Libros
1012 883 1268 963 Mooscenscs
1301 907 1348 962 oc
1380 883 1554 982 Triginta
1581 909 1656 963 sex

305 984 452 1060 ounrios
479 995 516 1060 et
542 979 638 1058 Octo
664 979 822 1060 Solidos
846 981 1001 1060 Monete
1022 984 1275 1082 Augusteosis
1299 984 1363 1062 uel
1387 982 1527 1083 aliquid
1550 981 1655 1066 eliud
1816 1022 1820 1028 ·

265 1082 445 1184 predictis
472 1078 646 1180 Capitale
671 1103 743 1162 seu
769 1105 893 1160 eorum
921 1080 1156 1164 Ofticislilrns
1189 1087 1331 1163 rstiooe
1365 1105 1437 1160 soe
1460 1085 1654 1183 prebende

264 1193 328 1260 out
352 1183 447 1260 olins
472 1183 693 1285 persoluere
725 1179 907 1284 deinceps
938 1185 1083 1272 minine
1114 1196 1303 1264 teneretur
1326 1177 1441 1262 Circo
1464 1195 1655 1262 rectorem

98 1296 103 1314 ⁵
263 1293 384 1360 sutem
408 1281 645 1362 Decimsruos
666 1293 704 1360 et
727 1280 909 1360 ductuum
934 1307 985 1362 ex
1009 1285 1190 1387 predictis
1222 1287 1330 1362 bouis
1388 1285 1653 1363 rononieotinm

232 1383 527 1470 ,obsonaretur
551 1379 591 1458 id
626 1382 723 1484 qood
758 1394 912 1472 entenos
946 1387 1188 1464 obserustum·
1212 1384 1327 1464 inerit
1397 1395 1474 1462 orto
1507 1408 1653 1485 pooque
1737 1454 1740 1463 .

262 1483 301 1560 in
326 1484 458 1582 quibus
482 1483 641 1561 Decime
666 1497 702 1562 et
734 1482 878 1560 iructos
902 1482 1112 1564 huiusmodi
1146 1488 1375 1590 ponebantur
1410 1483 1532 1562 eidem
1555 1485 1654 1561 Pre-

112 1604 115 1619 ’
263 1587 385 1685 posito
418 1606 485 1684 pro
518 1593 682 1686 tempore
715 1584 888 1663 existenti
923 1600 1155 1666 rennuerent
1186 1612 1266 1663 com
1298 1584 1370 1662 ltoc
1399 1595 1519 1662 tomen
1555 1584 1655 1685 qood

264 1681 408 1762 eisdem
433 1680 604 1783 capitolo
635 1707 704 1785 pro
737 1705 861 1760 eorum
895 1707 965 1762 uso
998 1697 1036 1762 et
1068 1689 1296 1765 necessitate
1327 1683 1407 1760 illis
1443 1687 1497 1762 uti
1522 1683 1655 1762 liceret

98 1811 103 1831 ·
263 1780 423 1860 Necnon
441 1783 547 1958 ³u⁰d
567 1783 710 1877 Viginti
735 1795 889 1884 quotuor
914 1785 1098 1862 beneficio
1121 1787 1381 1864 ecclesiastice
1404 1784 1454 1860 od
1479 1783 1654 1862 collstio·

263 1904 346 1961 nem
372 1905 440 1983 pre
467 1885 528 1960 icti
547 1883 734 1984 Propositi
758 1903 827 1984 pro
845 1893 1008 1985 ternpore
1035 1889 1233 1964 existentis
1257 1883 1465 1985 spectantis
1479 1906 1561 1962 com
1584 1883 1655 1958 ills

262 2003 401 2064 necere
428 1984 682 2082 contingerent
715 2003 785 2083 pet·
808 1981 998 2060 Martenoi
1025 1996 1063 2061 el
1087 1986 1184 2062 alios
1208 1986 1430 2162 Prepesiios
1460 1981 1653 2084 ,predictos
1790 2020 1794 2027 ·

262 2075 465 2158 cononicis
482 2077 760 2184 Copitoleribus
785 2082 953 2160 ecclesie
972 2081 1182 2172 huiusmodi
1205 2087 1241 2162 si
1265 2085 1332 2161 ilo
1356 2096 1555 2188 occeptore
1568 2085 1654 2162 uel-

239 2177 339 2258 'leot
365 2191 402 2258 el
434 2205 507 2258 non
539 2183 625 2260 ollis
657 2180 728 2260 Eis
761 2205 854 2260 uero
885 2183 952 2262 illo
983 2199 1185 2286 acceptore
1217 2183 1428 2264 nolentibus
1460 2185 1653 2303 qoibnsuis

261 2279 346 2364 aliis
371 2285 544 2382 personis
569 2281 717 2363 idoneis
742 2281 903 2358 conferri
929 2282 1341 2374 debereutJurisdiotio
1365 2306 1458 2360 nero
1471 2308 1509 2360 ro
1526 2283 1653 2361 Grosn
1815 2297 1822 2321 ¹

178 2471 180 2476 ,
262 2391 300 2456 et
330 2380 447 2456 Klein
479 2383 686 2480 Ayttiogeu
718 2377 898 2456 Locorum
941 2377 1084 2458 eisdem
1113 2385 1311 2484 Proposito
1344 2405 1391 2459 ec
1423 2383 1580 2459 Decnoo
1613 2393 1651 2459 et

261 2475 321 2558 On
347 2480 437 2556 itolo
464 2481 662 2559 communis
688 2499 778 2556 esse
805 2492 842 2556 et
871 2501 941 2582 per
970 2482 1090 2561 Vnum
1114 2481 1265 2585 Snlrpre
1293 2483 1423 2559 ositum
1454 2493 1517 2559 sut
1539 2479 1653 2558 olium

263 2575 297 2654 0
341 2580 471 2657 cislem
504 2602 575 2682 per
606 2579 838 2681 Propositum
872 2603 919 2660 oc
945 2579 1138 2658 Decnnum
1170 2595 1209 2662 et
1278 2581 1453 2684 opitulum
1484 2580 1652 2682 preintos

122 2737 127 2742 .
261 2681 497 2758 conmuniter
522 2678 767 2782 deputandum
807 2691 845 2758 et
867 2675 1108 2758 omoueudum
1141 2705 1296 2760 roncum
1320 2677 1520 2759 Jndioibns
1544 2689 1654 2781 prout

99 2859 100 2866 Ν
260 2779 307 2854 oh
334 2784 479 2880 notiquo
504 2781 738 2856 obseruatum
762 2779 882 2858 fuerat
909 2784 1085 2858 exerceri
1117 2781 1272 2860 deberet
1295 2805 1342 2859 nc
1372 2783 1448 2882 ipsi
1472 2781 1654 2860 Deonuus

99 2945 100 2972 p
262 2888 300 2954 ot
326 2875 532 2982 Copitulont
557 2879 666 2958 Duns
690 2881 793 2956 'l'res
818 2889 880 2956 out
904 2879 1072 2974 Quattuor
1095 2905 1277 2985 personne
1302 2877 1424 2958 eidem
1447 2881 1650 2984 Proposito

99 3049 100 3056 r
259 3001 328 3155 ἕνα
365 2994 529 3082 tempore
567 2982 740 3058 existenti
772 2992 1029 3082 presentareut
1064 3005 1115 3060 ex
1150 2984 1281 3078 quibus
1312 2983 1535 3084 Prepesitns
1565 2983 1670 3083 ipse

178 3075 183 3088 ’
296 3079 570 3182 obprepositum
595 3091 658 3156 nut
682 3102 878 3182 preconem
905 3081 1050 3180 eligere
1076 3083 1321 3184 et.depotore
1337 3105 1493 3182 eumque
1518 3079 1565 3157 nd
1590 3084 1650 3182 ip-

259 3201 384 3256 sorum
411 3177 574 3279 Capituli
602 3182 874 3280 requisitionem
899 3204 1074 3258 nmooere
1100 3195 1135 3260 et
1162 3179 1366 3260 destituere
1392 3184 1533 3281 nosque
1559 3204 1650 3256 con-

261 3278 481 3356 tradictione
507 3289 546 3356 et
570 3277 703 3358 froude
720 3291 909 3358 teneretur
933 3283 967 3358 si
994 3293 1112 3358 nutem
1137 3284 1233 3358 inter
1246 3283 1481 3382 Propositum
1506 3279 1651 3356 ncDe-

260 3401 390 3454 conum
417 3387 454 3454 et
478 3374 687 3480 Capitulum
712 3377 902 3482 predictos
929 3403 1044 3482 snper
1069 3381 1323 3459 iurisdictione
1355 3392 1418 3457 sot
1446 3382 1530 3457 eius
1561 3399 1650 3479 per-

257 3478 420 3554 tinentiis
445 3477 569 3578 alique
595 3483 850 3558 controuersie
876 3502 946 3558 seo
972 3481 1179 3557 differentie
1205 3507 1272 3583 pro
1288 3495 1451 3582 tempore
1466 3481 1650 3556 orirentur

256 3575 325 3652 ille
349 3599 417 3678 per
449 3579 621 3656 msioreot
653 3591 790 3682 portent
819 3583 982 3683 ipsorum
1007 3575 1172 3682 Capitoli
1206 3580 1333 3660 decidi
1365 3593 1409 3656 et
1427 3578 1649 3680 Propositus

255 3675 341 3778 ipse
367 3677 401 3752 ri
427 3687 513 3754 tuno
538 3701 699 3779 presens
724 3681 821 3759 ioret
845 3690 910 3758 not
933 3703 980 3756 eo
1004 3682 1160 3756 absente
1194 3683 1279 3758 eius
1304 3680 1590 3756 Administrotor
1613 3679 1650 3752 si

256 3784 374 3852 temen
399 3776 463 3854 ille
481 3771 695 3856 Cooooions
713 3777 941 3881 Oopitolnris
966 3777 1250 3858 dicteecclesie
1274 3780 1371 3856 foret
1395 3783 1444 3854 io¹
1455 3777 1648 3854 decisione
1756 3841 1765 3866 ‚

174 3913 181 3920 ·
256 3871 467 3996 huiusmodi
500 3879 687 3996 interesse
722 3879 977 4000 tenerentur
1008 3883 1043 3956 si
1069 3879 1365 3982 Sobprepositos
1388 3901 1459 3980 pro
1483 3889 1648 3994 tempore

256 3987 524 4154 titillet
555 3973 772 4154 iiiiii?
804 3977 991 4156 iiiiii
1016 3983 1383 4179 ‘titii‘ltili
1411 3973 1650 4155 liliis

258 4198 374 4277 super
413 4198 540 4254 errore
584 4173 793 4270 huiusmodi
834 4202 903 4280 per
941 4175 1150 4282 Capitulum
1190 4179 1378 4285 predictos
1410 4201 1482 4256 seu
1521 4199 1647 4254 eornm

257 4318 322 4360 lon.
339 4315 405 4361 Boio.
425 4315 479 4362 Vol.
495 4295 595 4367 miv.
611 4317 815 4365 seroltmunt·
829 4331 904 4365 nerse
919 4321 973 4367 vtt.
990 4321 1048 4365 Pers
1064 4321 1096 4365 ll.
1271 4297 1334 4374 43
