4209 5034
755 571 1027 680 episcopatus
1063 569 1320 684 Augustam
1692 571 1726 662 ὅ

342 817 381 886 et
407 803 570 884 cernitur
594 801 691 904 quod
726 797 776 878 de
803 823 995 904 corporum
1024 800 1114 880 inibi
1137 798 1364 905 sepultorum
1388 799 1565 902 ageribus
1587 801 1726 885 letales

339 907 485 982 fetores
509 902 690 994 hominnm¹
710 924 892 980 accessus
917 903 1092 980 sustinuit
1123 913 1160 978 et
1192 900 1290 1002 quod
1315 900 1538 978 borreudum
1560 902 1630 981 fuit
1654 904 1725 982 bu·

341 1005 458 1082 mauis
481 1003 737 1105 prospectibus
771 1004 829 1078 sic
862 1001 1004 1080 eisdem
1038 1001 1218 1078 exanimis
1244 1003 1408 1080 contritis
1434 1013 1471 1078 et
1496 1004 1726 1082 conculcatis

343 1105 560 1206 corporibus
587 1125 697 1180 cruor
719 1112 869 1204 propter
905 1104 989 1180 eina
1022 1104 1229 1178 stricturam
1261 1103 1401 1177 nimiam
1434 1105 1601 1204 apparuit
1635 1127 1725 1205 pro-

339 1203 505 1280 fluxisse.
548 1203 672 1295 Quare
706 1204 831 1304 populi
862 1202 1029 1279 eiusdem
1061 1201 1298 1278 Vniuersitas
1328 1201 1484 1302 amplius
1515 1203 1723 1282 iuualuisse

335 1298 471 1382 ibidem
498 1325 601 1401 quam
629 1303 714 1378 alibi
740 1303 899 1377 morbum
913 1299 1119 1378 huiusmodi
1146 1324 1217 1376 uon
1236 1299 1407 1378 decredit
1426 1303 1557 1400 quibus
1576 1303 1723 1402 quidest

238 1421 245 1431 ·
338 1401 551 1480 defectibus
577 1403 766 1501 pressuris
794 1413 831 1476 et
855 1401 1125 1500 grauamiuibns
1148 1402 1435 1502 participacionc
1469 1405 1620 1502 passion
1645 1426 1723 1478 ωο-

337 1517 398 1580 tus
423 1514 461 1578 et
487 1505 732 1602 compunctius
757 1503 909 1576 caritate
935 1501 1148 1600 conpatiens
1180 1512 1253 1574 tum
1287 1523 1338 1576 ex
1373 1502 1495 1576 natiue
1526 1501 1723 1580 allectione

361 1604 425 1678 uia
449 1601 554 1678 locos
579 1599 792 1682 Natiuitatis
817 1623 898 1689 mee
923 1599 1095 1700 proprius
1120 1597 1169 1708 ad
1193 1601 1302 1674 cuins
1324 1622 1542 1700 promouere
1557 1623 1722 1702 conpen-
1871 1625 1874 1631 ’

337 1628 400 1778 dia
424 1701 601 1778 naturalis
625 1703 768 1818 suasio
781 1699 991 1819 ‘qnemlibet
1014 1696 1130 1818 allicit
1153 1711 1226 1816 tutu
1251 1711 1402 1800 propter
1426 1699 1512 1816 boni
1533 1703 1722 1820 capuanis

335 1797 1722 2000 bestialitatelallttlsltelbtlllbbltil*

334 2011 393 2077 ter
422 2002 710 2102 progenitorum.
727 2023 885 2078 meorum
926 2011 963 2075 et
989 2001 1062 2076 mei
1085 1995 1321 2076 recolendam
1355 2001 1559 2074 memoriam
1591 2021 1661 2100 pre
1676 2025 1720 2076 a·

333 2110 406 2176 turn
432 2099 654 2178 cimiterium
680 2098 730 2175 de
755 2121 943 2176 consensu
976 2111 1013 2175 et
1042 2099 1289 2200 permissione
1311 2097 1576 2176 honorabilium
1603 2099 1719 2176 domi-

332 2211 471 2278 norum
507 2223 667 2286 meorum
707 2200 838 2276 domini
879 2199 956 2274 Pre
983 2201 1068 2275 ositi
1106 2197 1252 2276 Decaui
1287 2201 1482 2299 tociusque
1525 2195 1607 2298 Cap
1636 2200 1716 2277 'tuli

247 2333 253 2345 ·
330 2299 588 2400 Angustensis
620 2301 750 2400 quibus
783 2298 914 2376 eadem
939 2223 1119 2376 deciscis
1141 2296 1335 2397 Ilylingen
1360 2321 1510 2375 annexa
1539 2301 1661 2377 extttit
1684 2309 1723 2376 et

332 2402 433 2476 uuita
460 2401 550 2478 duxi
575 2401 698 2477 taliter
723 2397 967 2497 ampliandum
990 2397 1091 2497 quod
1124 2421 1246 2478 areant
1285 2399 1505 2498 plebanatus
1530 2393 1723 2474 cimiterio

333 2499 409 2595 ipsi
427 2501 689 2574 'conterminam
712 2494 881 2570 domibus
919 2504 957 2568 et
987 2496 1124 2572 horreo
1159 2499 1325 2594 desuper
1351 2498 1502 2570 dirrutis
1527 2509 1565 2570 et
1588 2496 1722 2570 ablatis

337 2615 411 2691 quc
443 2604 515 2668 tum
548 2608 587 2668 nt
616 2593 810 2668 manifeste
844 2594 961 2692 patuit
996 2593 1315 2694 conquassatiouis
1348 2593 1464 2667 eciam
1497 2592 1722 2668 minabantur

336 2693 487 2785 ruinam,
520 2713 589 2794 pro
623 2689 747 2790 aliqua
778 2694 837 2766 sni
862 2703 968 2792 parte
1000 2694 1102 2768 vuiui
1139 2688 1267 2768 addidi
1298 2705 1335 2770 et
1360 2687 1721 2768 conbenedicendam

333 2793 505 2866 constitui
544 2791 594 2866 Et
623 2813 741 2892 super
771 2789 923 2868 alteram
958 2793 1039 2868 eius
1063 2803 1202 2893 partem
1228 2814 1296 2894 pro
1320 2793 1493 2869 Rectoris
1520 2801 1558 2866 et
1581 2789 1720 2870 Scola-

330 2891 422 2966 rinm
442 2887 679 2968 habitacione
712 2886 853 2966 domum
888 2887 938 2967 de
970 2915 1070 2970 nouo
1103 2890 1324 2970 edificando.
1342 2893 1449 2970 erexi
1485 2892 1570 2990 quia
1598 2901 1718 2969 retro·

331 2993 420 3066 actis
443 2990 667 3091 temporibus
693 2991 729 3064 in
756 2986 939 3090 dispectis
973 3005 1012 3067 et
1037 2992 1199 3068 diuersis
1224 2992 1318 3068 locis
1344 2992 1527 3068 [lectores
1551 3000 1589 3066 et
1614 2989 1715 3070 Soo-

330 3087 697 3166 lares'vcricundius
723 3091 934 3168 exrnlabnnt
983 3090 1048 3168 Ne
1076 3105 1200 3168 autern
1226 3093 1467 3170 successuris
1490 3092 1715 3192 temporibus

331 3185 541 3264 huiusmodi
603 3189 640 3263 ie
673 3189 879 3268 affectionis
920 3215 1015 3268 ons
1049 3192 1220 3293 plebanis
1262 3187 1531 3292 quomodolibet
1570 3195 1717 3266 inantea

330 3291 452 3391 possit
475 3299 538 3366 aut
590 3285 700 3366 cheat
723 3285 878 3390 dampna
902 3215 969 3366 ned
989 3288 1218 3370 incommoda
1241 3313 1425 3390 generare
1456 3289 1542 3387 ligo
1568 3288 1714 3388 quidem

331 3387 497 3490 prefatus
511 3387 707 3466 Jobaunes
722 3387 977 3489 Gueutringeu
990 3415 1083 3468 sana
1100 3403 1222 3469 mente
1240 3389 1421 3508 saluotpue
1438 3411 1505 3463 cor
1531 3410 1596 3466 ore
1621 3408 1714 3464 con-

331 3490 478 3564 stitutus
504 3491 541 3564 iu
566 3491 765 3590 presencia
788 3489 1005 3567 Reuerendi
1036 3493 1075 3566 iu
1097 3489 1251 3568 Obristo
1283 3503 1397 3590 pntrts
1424 3497 1463 3562 et
1513 3487 1621 3562 omini
1646 3485 1715 3564 do·

332 3589 418 3664 unni
442 3582 657 3666 Borcltardi
682 3586 861 3690 Episcopi
887 3589 1069 3666 Ecclesia
1093 3591 1156 3666 Au
1209 3593 1348 3666 stensis
1379 3600 1418 3664 et
1443 3585 1619 3663 dictorm
1644 3585 1714 3664 bo·

330 3687 546 3770 uorabilium
573 3683 797 3764 dominorum
822 3711 989 3773 meorum·
997 3689 1132 3765 domiui
1183 3691 1333 3790 repositi
1354 3679 1499 3764 [lecani
1520 3689 1714 3860 tocinspue

333 3784 521 3889 Cappltuli
546 3786 594 3862 ad
622 3811 795 3888 campane
822 3791 975 3864 sonitum
1000 3801 1041 3865 ut
1065 3789 1175 3864 moris
1201 3801 1259 3865 est
1291 3786 1545 3885 sollempniter
1569 3799 1608 3860 et
1670 3809 1713 3857 n·

329 3889 533 3988 pilulariter
557 3891 792 3985 congregatis
827 3887 969 3964 domum
1000 3909 1115 3964 meam
1145 3889 1328 3988 propriam
1356 3907 1473 3985 supra
1496 3906 1617 3958 muros
1645 3879 1713 3958 ci-

329 3989 494 4064 riuitalis
526 3986 715 4086 Dylingeu
751 3986 848 4064 infra
888 3991 1006 4063 maius
1047 3988 1244 4086 collegium
1284 3997 1323 4059 et
1356 3997 1557 4060 extremum
1595 3982 1713 4080 ipsius

333 4083 501 4164 Ciuitatis
528 4081 699 4161 deorsum
733 4086 770 4158 in
800 4088 934 4183 angulo
959 4089 1124 4163 situatam
1159 4110 1239 4160 cum
1272 4083 1407 4158 borreo
1448 4075 1616 4190 domibus
1648 4097 1715 4148 co-

332 4189 497 4284 quinaria
534 4191 572 4262 et
604 4181 788 4285 pecudum
821 4211 866 4263 ac
890 4188 1079 4262 uniuersis
1109 4196 1148 4262 et
1171 4183 1332 4282 siugulis
1363 4176 1594 4282 pertinentiis
1621 4176 1717 4286 sicut

330 4285 402 4360 iam
434 4287 540 4360 metis
575 4278 753 4382 gradibus
787 4296 826 4360 et
856 4285 1030 4390 limitibus
1061 4287 1142 4362 suis
1177 4285 1224 4358 ab
1257 4278 1347 4354 aliis
1380 4265 1718 4348 circumtacentrbus
