4209 5034
690 647 695 655 ,
839 557 1106 666 episcopatus
1134 559 1389 676 Augustam
1706 567 1811 656 ese

419 788 655 886 surreptione
680 796 717 862 et
741 782 958 890 obreptione
983 801 1022 866 et
1047 786 1216 868 nullitate
1241 789 1466 891 quarundam
1493 793 1692 874 litterarum
1716 826 1738 875 s
1764 827 1810 878 o·

415 887 625 981 stolicerum
651 884 993 964 conlirmutorinrunr
1032 889 1224 966 cuiusdam
1251 897 1375 965 statuti
1412 891 1512 966 dicte
1537 893 1704 974 ecclesie
1727 827 1811 977 iu-

468 990 606 1062 stensis
631 1010 655 1061 e
679 985 803 1062 felicis
835 985 1105 1066 recordationis
1131 988 1245 1066 Sixto
1272 1015 1368 1092 pepe
1393 989 1532 1082 Quarto
1567 1011 1809 1078 emaneteruur

452 1088 616 1186 ebusque
640 1086 774 1161 aliisin
798 1089 892 1163 actis
918 1111 1033 1165 conse
1052 1088 1260 1164 huiusmodi
1289 1092 1399 1165 letius
1423 1087 1593 1168 deductis
1619 1107 1808 1176 eteorum

333 1209 353 1232 ²
415 1189 616 1261 occasione
642 1187 806 1286 pertibus
831 1209 882 1262 ex
908 1187 1026 1266 alteru
1051 1191 1098 1263 iu·
1114 1193 1229 1290 prime
1253 1211 1369 1264 verse
1402 1189 1470 1265 luit
1495 1204 1533 1266 et
1557 1217 1655 1269 nune
1685 1183 1808 1275 corum

413 1285 521 1362 nobis
545 1281 777 1362 insecundo
793 1287 948 1364 vertitur
973 1291 1152 1366 instantiis
1170 1289 1267 1365 bene
1290 1288 1414 1365 luisse
1430 1307 1469 1366 et
1484 1313 1575 1369 csse
1590 1317 1808 1393 processum
1970 1289 1976 1300 ’

414 1385 680 1461 Seruteutiatnm
714 1396 751 1466 et
783 1385 971 1464 dtitiuitum
1006 1403 1044 1464 et
1077 1390 1122 1464 ab
1161 1390 1245 1489 ipso
1276 1387 1422 1463 domino
1454 1387 1627 1468 Jobeune
1661 1398 1807 1474 eudonio
1842 1479 1845 1486 ,

415 1486 607 1588 Episcopo
633 1503 670 1562 et
696 1487 955 1564 locumteueuti
983 1491 1137 1589 eiusque
1173 1487 1368 1564 diffinitiue
1392 1487 1587 1566 Sententia
1613 1494 1649 1566 in
1676 1492 1807 1573 buius-

414 1581 511 1661 modi
530 1607 643 1661 ceuse
660 1585 735 1661 late
748 1611 817 1688 pro
839 1597 941 1688 perte
960 1587 1136 1664 dictorum
1152 1586 1417 1687 Magistrum
1431 1590 1565 1666 ciuium
1591 1595 1805 1673 consutum

414 1695 452 1761 et
476 1687 737 1761 communitatis
770 1687 864 1761 mele
896 1687 1018 1762 inisse
1045 1701 1081 1765 et
1117 1711 1208 1764 esse
1239 1699 1478 1792 prouocetum
1514 1700 1552 1764 et
1575 1692 1808 1792 'appellatum

414 1781 714 1885 Sententiomque
739 1785 958 1864 diffinitiusru
993 1785 1197 1889 predictam
1232 1783 1620 1866 ooulirmeudsnntore
1646 1806 1684 1869 et
1706 1818 1808 1872 com-

412 1883 594 1962 lirmemtts
619 1901 728 1985 etque
755 1885 879 1963 dictos
901 1889 1099 1986 msgtsuos
1129 1888 1263 1962 ciuiu-
1289 1887 1520 1962 consulatum
1545 1897 1584 1963 et
1608 1899 1807 1969 communi-

383 1992 519 2060 ·tet-em
543 1991 577 2060 iu
604 1988 783 2086 expensis
808 1989 844 2062 in
870 1983 1079 2064 huiusmodi
1118 2010 1231 2062 ceusu
1283 2007 1326 2061 ro
1351 1997 1458 2087 porto
1485 1986 1664 2066 dictorum
1688 1994 1805 2069 dorni·

412 2107 538 2160 norum
562 2083 698 2162 domni
723 2099 760 2163 et
785 2081 951 2188 Capituli
977 2111 1101 2166 coram
1125 2087 1234 2163 uobis
1257 2010 1439 2186 legittime
1467 2085 1579 2164 isotis
1604 2092 1806 2194 condemp-

412 2185 554 2262 nandos
578 2187 661 2262 tore
695 2197 732 2262 et
767 2189 1076 2290 condempnemus
1101 2186 1263 2280 Quarum
1297 2207 1547 2289 expensarum
1582 2194 1804 2270 taxationem

411 2286 518 2362 nobis
554 2285 795 2385 imposterum
829 2310 1068 2363 reseruemus
1098 2285 1196 2365 benc
1237 2287 1344 2362 etiem
1381 2299 1542 2361 nostram
1578 2288 1804 2368 diltiuitiuam
1926 2350 1931 2362 .

412 2383 639 2462 Sententiam
666 2383 716 2460 de
741 2411 846 2461 meren
872 2397 999 2462 nostre
1022 2387 1145 2462 taliter
1182 2384 1469 2485 subscripsimus
1494 2385 1550 2460 lta
1573 2395 1805 2487 pronuntieui

412 2484 1137 2689 ittittet,ittti‘tttllttit
1156 2483 1805 2686 tittittmtttttlitettlt

411 2707 570 2784 presens
605 2685 791 2784 publicum
822 2687 1096 2762 instrumentum
1134 2681 1342 2760 huiusmodi
1375 2693 1535 2758 nostram
1577 2685 1803 2765 diffinitiusm

412 2781 639 2861 senitentiam
665 2787 701 2859 iu
727 2810 772 2861 se
798 2789 1026 2863 continentes
1051 2788 1136 2863 siue
1169 2784 1365 2860 continens
1397 2777 1538 2859 exinde
1562 2784 1644 2862 lieri
1671 2801 1708 2863 et
1732 2813 1802 2888 per

411 2883 603 2966 Notarium
630 2884 812 2986 publicum
839 2897 1073 2986 nostrumque
1100 2895 1138 2960 et
1162 2880 1369 2958 huiusmodi
1402 2904 1519 2958 cause
1546 2908 1665 2964 coram
1692 2892 1800 2967 nobis

412 2983 580 3062 Scribam
596 2985 874 3087 infrascriptum
890 2987 1074 3063 subscribi
1091 2995 1127 3061 ct
1144 2982 1322 3086 publicari
1345 2977 1592 3060 nrarrdanimus
1609 2991 1799 3088 nostrique

412 3083 539 3182 Sigilli
564 3088 736 3161 iussimus
763 3099 800 3162 ct
825 3087 981 3166 fecimus
1007 3087 1235 3188 appensione
1261 3085 1480 3158 comrouuiri.
1526 3084 1644 3162 hecto
1662 3089 1736 3163 lete
1762 3101 1801 3164 et

411 3185 621 3286 inscriptis
647 3188 875 3286 promulgate
900 3186 965 3262 luit
992 3190 1199 3288 preiuserte
1232 3195 1359 3257 nostre
1391 3181 1579 3258 diffinitiue
1605 3185 1800 3262 Sententia

413 3285 490 3360 Per
523 3309 590 3360 uos
625 3287 773 3362 Petrum
807 3284 856 3363 de
895 3286 1044 3362 ferrera
1078 3279 1295 3359 Auditorem
1334 3279 1513 3375 prefatum
1551 3285 1669 3362 Rome
1701 3283 1801 3386 opud
1904 3322 1907 3330 ·

412 3382 727 3487 Sarrctumpetrum
743 3390 779 3460 iu
808 3387 941 3490 palatio
965 3409 1157 3462 censerem
1183 3378 1389 3482 apostolico
1415 3380 1458 3454 ln
1486 3405 1556 3478 quo
1571 3384 1668 3459 Jure
1692 3383 1801 3461 reddi

411 3485 533 3560 solent
568 3489 672 3562 uobis
706 3487 795 3564 inibi
829 3511 933 3564 moue
969 3485 1061 3562 hore
1092 3479 1280 3558 eudicntie
1314 3503 1508 3554 censorum
1533 3497 1711 3560 consueta
1735 3486 1801 3562 Ad

411 3581 507 3659 Jura
529 3580 756 3661 reddendum
782 3595 820 3663 et
853 3611 988 3663 censes
1012 3580 1235 3661 audiendum
1268 3584 1304 3654 iu
1339 3578 1422 3654 loco
1456 3591 1582 3657 nostro
1615 3583 1726 3659 solito
1760 3599 1799 3660 et

412 3696 592 3761 consueto
618 3709 685 3786 pro
711 3685 881 3763 tribunali
916 3685 1095 3762 sedentes
1132 3681 1214 3759 Sub
1239 3703 1333 3754 anuo
1367 3702 1392 3751 u
1427 3675 1630 3757 Netiuitete
1662 3683 1798 3759 domini

411 3785 603 3861 millesimo
629 3785 987 3884 quadringentesimo
1014 3785 1265 3881 octuagesimo
1293 3799 1387 3854 nono
1405 3774 1611 3859 indictione
1634 3781 1800 3884 Septimo

412 3881 474 3961 die
500 3908 593 3960 vero
619 3897 704 3962 tune
731 3882 1016 3979 Quartodecimo
1039 3886 1176 3960 mensis
1211 3877 1419 3994 decembris
1445 3874 1685 3960 Pontificatus
1708 3907 1799 3983 pre-

411 3982 477 4060 tati
498 3984 730 4086 sanctissimi
756 3983 886 4064 domini
913 3988 1030 4064 nostri
1054 3983 1185 4059 domiui
1200 3977 1406 4056 iunocentii
1429 3999 1527 4079 pape
1552 3985 1673 4062 notaui
1688 3985 1801 4062 Anno

410 4082 527 4164 Sexto
555 4085 793 4162 Preseutibns
819 4082 954 4166 ibidem
981 4085 1157 4160 districtis
1188 4082 1279 4156 viris
1301 4077 1499 4175 Magistris
1523 4081 1668 4158 'l'lrome
1692 4083 1796 4174 deyx

411 4196 450 4260 et
473 4183 677 4262 Benedioto
702 4186 875 4264 'l'rollieti
901 4185 1071 4262 Notariis
1108 4183 1268 4284 publicis
1293 4175 1528 4276 Scribisrpue¹
1550 4183 1689 4259 uostris
1713 4181 1798 4258 ele.

429 4315 492 4358 etos.
507 4315 572 4361 liele.
590 4316 643 4362 Vel.
659 4317 757 4363 mlv.
772 4331 812 4362 ree
827 4317 974 4363 collectionis
989 4327 1063 4362 nors·
1077 4317 1130 4363 vtt.
1148 4317 1206 4362 Pers
1220 4317 1253 4362 ΙΙ.
1424 4297 1488 4379 33
