4209 5034
345 515 349 529 .
421 442 519 529 144
712 414 718 425 ³
975 436 1244 525 Monumenta

266 741 270 757 ,
415 674 557 747 cientes
589 673 729 750 eisdem
761 694 833 771 qno
865 666 915 749 ad
944 668 1019 747 lroc
1039 682 1202 749 nostrum
1232 668 1472 747 voluntarium
1506 638 1726 749 eonsensum
1757 684 1796 751 et

414 784 573 845 nostram
597 773 815 850 ordinariam
846 774 1094 849 armoricten
1118 770 1169 847 Et
1193 771 1309 847 eciem
1333 780 1561 847 memoratum
1587 794 1795 871 congrega·

415 872 554 946 cionem
578 874 614 947 in
630 869 923 951 Salmanahcuen
948 873 1109 971 eiusque¹
1129 872 1394 972 prenominatae
1419 892 1571 947 sorores
1586 868 1794 947 Ecclesiam

414 983 453 1047 et
477 970 628 1046 Domum
655 994 818 1047 necnon
843 974 962 1046 omnia
990 985 1028 1049 et
1052 972 1199 1070 singula
1224 972 1317 1047 bona
1342 982 1412 1045 tam
1437 968 1582 1047 mobilia
1606 994 1710 1070 quern
1732 972 1793 1043 in·-
1825 1048 1833 1055 ,

412 1069 560 1145 mobilia
583 1071 632 1145 ad
657 1094 724 1147 eas
748 1072 975 1173 pertinencia
999 1072 1255 1172 prenominatis
1280 1069 1465 1169 Magistro
1496 1068 1793 1147 sanctimoniali·
1863 1138 1868 1146 .
2009 1092 2011 1107 ¹

413 1168 484 1244 bus
508 1181 547 1243 et
571 1168 780 1246 (innuentui
805 1169 891 1245 dicti
915 1169 1245 1275 lllonasteriiZum
1266 1166 1376 1243 lrolcu
1402 1182 1439 1245 et
1463 1171 1535 1271 ipsi
1560 1168 1680 1245 eidem
1704 1166 1795 1246 Μο-

413 1271 578 1344 uasterio
610 1294 681 1344 nec
720 1293 793 1345 non
824 1268 968 1345 eisdem
1000 1272 1038 1344 iu
1071 1266 1203 1345 eodem
1235 1268 1522 1346 succedentibus
1555 1278 1721 1368 quantum
1752 1268 1795 1343 in

414 1368 521 1443 nobis
546 1383 606 1445 est
629 1371 845 1446 auctoritate
871 1380 996 1443 nostra
1010 1367 1196 1443 ordinaria
1216 1370 1380 1445 similiter
1405 1368 1611 1444 donaeicne
1626 1365 1795 1469 perlecta

414 1481 592 1568 perpetua
617 1483 655 1545 et
677 1469 912 1545 irrcnocabili
947 1466 1123 1543 donamus
1156 1463 1319 1543 cedimus
1351 1478 1389 1543 et
1418 1469 1653 1566 assignamus
1685 1489 1731 1541 ac
1751 1466 1794 1553 in

414 1563 567 1643 eeadcm
615 1567 831 1667 Magistram
876 1566 1183 1646 sancommiates
1227 1579 1264 1643 et
1307 1562 1532 1642 Conuentum
1573 1564 1794 1643 Monasterii

412 1664 509 1739 Zara
524 1664 634 1742 holon
658 1690 855 1767 carumque
880 1669 1159 1769 possessionem
1185 1692 1288 1741 vsum
1314 1676 1351 1742 et
1374 1668 1632 1767 proprietatem
1645 1685 1794 1767 perpe·

413 1770 507 1839 tuam
531 1767 784 1842 transierimus
810 1789 878 1868 per
903 1777 1099 1867 presentes
1135 1764 1185 1838 Et
1209 1765 1462 1841 nichilominus
1488 1765 1640 1843 eosdem
1664 1774 1701 1840 et
1726 1788 1793 1841 oa·

412 1860 496 1938 dem
530 1876 569 1941 et
603 1867 805 1942 nominatim
843 1876 952 1965 atque
993 1864 1168 1966 specifice
1206 1864 1472 1966 parrochialem
1508 1864 1718 1941 Ecclesiam
1752 1864 1790 1937 in

412 1959 706 2041 Snlmnnshoiren
731 1978 801 2041 tam
828 1965 937 2063 longo
960 1975 1124 2064 tempore
1157 1974 1194 2038 et
1226 1966 1346 2040 taliter
1379 1976 1418 2040 ut
1450 1976 1508 2040 est
1537 1972 1789 2067 prenarraturn

333 2096 337 2101 ·
437 2086 483 2139 er
512 2076 738 2141 memoratam
764 2061 1106 2163 Congregccionem
1141 2074 1178 2139 et
1212 2061 1377 2141 Sorores
1413 2064 1717 2163 congregacionis
1752 2062 1792 2136 in

410 2086 706 2240 galmanslroneu
730 2175 770 2239 vt
793 2166 985 2239 summarie
1016 2185 1142 2237 snmus
1174 2162 1354 2237 informati
1388 2162 1542 2264 pacifice
1574 2182 1791 2265 possessore

412 2284 493 2338 cunr
517 2265 681 2340 omnibus
714 2274 754 2340 et
784 2264 942 2361 siugulis
968 2262 1117 2360 juribus
1146 2264 1393 2361 pertinenciis
1428 2262 1581 2339 decimis
1615 2260 1791 2339 censibus

408 2359 589 2440 fructibus
605 2364 854 2465 prouentibus
880 2374 917 2436 et
941 2362 1230 2437 obuenciouibus
1255 2362 1419 2439 eiusdem
1442 2358 1585 2462 eisdem
1605 2360 1791 2459 Magistre

409 2456 755 2539 Sanctimcnialibus
790 2473 828 2537 et
861 2456 1071 2536 concentui
1130 2463 1338 2538 resentibus
1371 2475 1409 2539 et
1431 2460 1565 2537 futuris
1591 2460 1678 2537 dicti
1700 2456 1792 2537 Mo·

409 2564 561 2639 nasterii
586 2586 632 2639 ac
659 2565 733 2661 ipsi
757 2562 977 2635 monasterio
1011 2584 1061 2632 au
1113 2582 1170 2635 em
1195 2559 1303 2636 holcz
1328 2561 1524 2637 uniendum
1548 2564 1788 2661 incorporan-

410 2657 494 2737 dum
526 2673 564 2737 et
587 2659 849 2737 annectendum
885 2681 972 2732 esse
1005 2656 1239 2735 decreuimns
1275 2663 1417 2736 vnimus
1450 2664 1532 2739 ineo
1578 2682 1723 2737 oramus
1749 2670 1789 2734 et

409 2762 633 2835 annectimus
665 2773 795 2835 tenore
829 2769 1031 2829 nostrarum
1066 2760 1298 2857 presencium
1332 2762 1518 2837 literarum
1580 2772 1686 2835 antes
1711 2758 1791 2833 eis-

409 2852 493 2933 dem
517 2854 702 2955 Magistre
727 2852 1051 2934 Santimonialibus
1085 2868 1123 2932 et
1147 2852 1357 2935 Conuentui
1382 2860 1601 2936 Moussterii
1633 2882 1682 2933 un
1708 2855 1791 2933 deur

408 2953 517 3031 holca
549 2966 588 3032 et
618 2955 868 3034 concedentes
905 2950 1045 3028 liberas
1084 2968 1302 3057 potestatem
1330 2971 1366 3034 et
1405 2958 1613 3035 facultatem
1645 2980 1714 3059 per
1744 2976 1791 3033 se

408 3057 768 3158 relprocuretorem
791 3076 862 3128 seu
885 3066 1144 3153 procuratores
1178 3080 1270 3133 suos
1302 3060 1416 3159 ipsam
1442 3058 1654 3135 Ecclesiam
1679 3068 1790 3154 atque

412 3152 553 3233 domum
578 3160 613 3233 in
638 3152 933 3235 Salmanshouen
958 3174 1101 3229 necnon
1131 3158 1249 3231 omnia
1274 3170 1313 3232 et
1335 3160 1484 3257 singula
1507 3160 1602 3235 bona
1628 3163 1794 3258 pretacte

408 3265 518 3357 atque
542 3256 706 3359 prefatas
743 3252 828 3329 olim
852 3256 1185 3349 congregacionem
1218 3272 1255 3335 et
1288 3255 1451 3334 Sorores
1485 3255 1792 3355 congregacionis

407 3356 444 3429 in
470 3354 763 3432 Salmanslrouen
802 3352 1019 3450 pertinentia
1056 3367 1092 3429 et
1118 3376 1242 3431 earum
1267 3380 1348 3432 cunr
1373 3358 1452 3433 suis
1477 3358 1616 3433 iuribus
1642 3364 1679 3430 ot
1703 3376 1792 3453 por·

408 3454 578 3530 tinenciis
613 3456 800 3530 rniucrsis
827 3453 1103 3549 possessionem
1137 3456 1363 3555 corporalem
1393 3454 1458 3531 vel
1492 3458 1594 3555 quasi
1626 3454 1792 3529 nsrrcisci

406 3552 553 3648 ingredi
586 3557 761 3653 consequi
793 3563 921 3627 tenere
959 3564 1139 3651 perpetuo
1172 3568 1210 3629 et
1242 3552 1380 3631 habere
1413 3578 1483 3631 nec
1516 3578 1587 3631 non
1627 3550 1792 3631 decimos

407 3672 545 3727 censos
577 3651 722 3728 fructus
757 3648 931 3727 redditus
958 3663 1158 3748 prouentus
1197 3664 1235 3727 et
1257 3652 1506 3731 obuenciones
1529 3656 1727 3729 vniuersos
1752 3658 1792 3727 et

406 3751 606 3828 v'ninersas
631 3751 813 3829 Ecclesie
839 3743 968 3823 domus
995 3760 1033 3824 et
1057 3750 1142 3827 olim
1175 3754 1484 3852 congregacionis
1510 3749 1719 3829 earumdem
1743 3769 1791 3826 eo

406 3850 535 3925 iurirnn
561 3862 598 3926 et
621 3850 931 3952 pertinenciarum
954 3870 1101 3925 suarum
1128 3853 1321 3952 percipere
1357 3852 1537 3953 colligere
1570 3860 1607 3927 et
1631 3852 1790 3949 exigere

406 3951 577 4048 recipere
602 3963 731 4027 tenere
755 3948 896 4032 haltere
921 3956 960 4022 et
979 3948 1019 4021 in
1041 3972 1134 4025 suos
1159 3953 1482 4050 prenominatorum
1508 3974 1554 4026 ue
1580 3948 1680 4025 dicte
1704 3948 1790 4027 cliro

405 4050 715 4151 congregacionis
740 4048 919 4131 Sororum
943 4043 993 4128 ed
1017 4070 1063 4130 se
1090 4058 1127 4127 ut
1160 4051 1373 4160 premittitur
1396 3977 1648 4131 translatarum
1680 4058 1789 4151 atque
