4209 5034
723 546 991 716 apocopam
1019 608 1279 724 angustam.
1528 733 1530 740 1
1608 617 1710 704 cos
1805 585 1818 708 J

323 830 465 922 ordinis
499 863 579 917 eum
618 842 769 944 prelata
800 843 1002 920 Abbatissa
1042 843 1230 922 contendit
1261 855 1304 923 vet
1342 841 1486 921 tandem
1523 837 1559 923 in
1596 849 1710 940 cansa¹

322 943 520 1022 succubuit
545 941 596 1021 itt
619 931 756 1019 deinde
783 946 869 1043 qnia
902 945 958 1020 rei
991 945 1168 1022 iudicate
1193 969 1263 1020 non
1296 949 1414 1048 paruit
1432 954 1435 960 '
1449 969 1518 1046 per
1554 951 1708 1031 eosdent

321 1045 542 1144 superiores
565 1065 656 1116 suos
680 1048 991 1120 excommunicata
1014 1045 1084 1122 luit
1108 1057 1144 1122 ct
1170 1046 1206 1142 itt
1233 1041 1437 1122 huiusmodi
1460 1053 1708 1128 excommuni-

321 1146 467 1221 catione
478 1165 547 1242 per
561 1143 668 1217 Duos
679 1149 810 1218 Annos
824 1144 886 1220 uel
900 1148 1001 1221 circa
1017 1169 1089 1221 non
1106 1159 1221 1221 tamen
1239 1147 1275 1220 in
1294 1157 1532 1248 contemptum
1547 1149 1706 1230 claniuru

321 1241 393 1320 sed
418 1265 467 1319 eo
490 1259 664 1342 respectu
689 1248 774 1342 qula
797 1239 918 1320 dictos
950 1269 1040 1320 suos
1072 1248 1288 1346 superiores
1328 1249 1498 1324 continuo
1520 1251 1708 1333 inuocauit

320 1351 361 1420 ul
385 1363 465 1418 eam
491 1342 720 1418 sufficienter
757 1341 927 1422 audirent
949 1345 1191 1446 iustitiamque
1215 1348 1319 1447 petiit
1343 1369 1414 1421 non
1440 1343 1584 1440 ondita,
1617 1349 1706 1450 per-2

320 1444 461 1538 uomit
504 1439 737 1519 Postmodum
768 1467 863 1522 uero
897 1454 937 1520 tu
969 1447 1031 1545 qui
1067 1447 1234 1522 ecclesie
1262 1447 1493 1545 Augustensi
1527 1470 1578 1523 ex
1613 1448 1705 1526 con·'

323 1542 500 1622 cessione
524 1539 628 1622 sedis
652 1545 857 1645 apostolice
910 1567 1019 1620 recse
1044 1540 1254 1621 dinosceris
1279 1545 1521 1622 considerans
1553 1548 1706 1654 propter

251 1717 254 1721 .
323 1643 587 1722 contentionem
618 1639 825 1720 huiusmodi
895 1647 1114 1722 onasterium
1145 1649 1262 1746 ipsum
1298 1649 1461 1721 unanimis
1494 1659 1530 1723 et
1561 1649 1707 1725 irrecu-

321 1742 549 1848 perabilibus
573 1741 714 1819 damma
737 1749 806 1844 pro
831 1767 877 1823 eo
904 1743 1001 1845 quod
1027 1747 1292 1846 consanguinei
1317 1743 1461 1846 prelnte
1485 1745 1705 1845 Margaretc

292 1868 295 1872 ⁴
323 1845 386 1945 qui
417 1840 579 1934 Nobiles
611 1853 696 1918 sunt
731 1843 885 1922 candem
920 1846 1156 1920 Abbatissam
1193 1858 1229 1921 et
1263 1844 1451 1937 quiales
1485 1845 1737 1924 Monaslcril·

323 1941 524 2043 supradicti
551 1941 720 2020 dillidare
744 1955 1036 2048 proposuearant
1069 1946 1165 2022 allici
1196 1967 1311 2052 posse
1347 1944 1550 2044 nolensque
1576 1945 1708 2024 buius-

323 2041 420 2119 orodi
447 2039 625 2142 periculis
651 2055 758 2140 alque
784 2043 923 2120 damnis
949 2046 1112 2136 obniare,
1138 2057 1263 2146 partes
1288 2053 1369 2120 tuas
1388 2047 1636 2145 interposuisti
1662 2065 1738 2124 ac„

323 2143 559 2218 abbatissam
585 2159 622 2218 ot
647 2142 894 2242 Margaretam
933 2145 1123 2246 predictas
1138 2165 1141 2176 ’
1159 2144 1229 2221 hoc
1256 2142 1362 2218 modo
1389 2147 1623 2220 concordasti
1648 2145 1708 2222 ui·

283 2288 294 2309 s
324 2239 464 2318 delicet
489 2240 585 2340 quod
612 2244 693 2344 ipsa
718 2242 937 2342 Margareta
959 2244 1007 2320 ad
1034 2245 1211 2344 prelatum
1239 2243 1499 2320 Monasterium
1534 2245 1611 2320 ullo
1637 2269 1708 2320 un·
1773 2259 1791 2278 “

324 2366 429 2442 quant
464 2351 628 2440 ternpore
667 2342 805 2419 rediret
843 2344 912 2419 sed
954 2345 1002 2418 ad
1037 2341 1302 2419 Monosterium
1339 2345 1376 2417 iu
1409 2343 1530 2418 Holc'z
1566 2339 1706 2420 ordinis
1818 2357 1823 2366 '

307 2431 443 2518 ‘sancti
469 2439 664 2537 Benedicti
715 2441 831 2518 relate
857 2444 1020 2518 diocesis
1046 2445 1078 2516 in
1111 2441 1188 2516 redi
1210 2442 1416 2540 ibidemque
1437 2443 1708 2542 professionem

325 2540 475 2632 tacere,
513 2563 558 2617 ac
585 2467 883 2619 in‘AEbatissam
918 2546 1032 2641 ipsius
1058 2465 1276 2616 idomasterii
1304 2543 1339 2614 in
1367 2543 1489 2616 Holcz
1515 2537 1708 2616 dnmmodo

326 2641 422 2717 alias
446 2641 821 2740 canooioecligatur,
847 2643 973 2742 prefici
1000 2652 1038 2714 et
1053 2641 1190 2715 assumi
1210 2657 1348 2740 posset
1377 2640 1500 2732 Quare
1519 2663 1586 2742 pro
1604 2653 1708 2742 parte
1828 2707 1835 2720 .

328 2735 492 2816 ciusdem
519 2738 734 2838 Margarete
759 2741 865 2815 nobis
888 2741 955 2814 luit
980 2738 1162 2816 humiliter
1184 2741 1424 2840 supplicatum
1457 2751 1495 2814 ut
1521 2743 1636 2842 ipsam
1662 2741 1708 2817 ab

327 2838 457 2916 cadem
493 2841 877 2915 excommunicationis
916 2865 987 2940 qua
1025 2838 1149 2914 adbuc
1188 2841 1327 2914 irretita
1368 2840 1510 2922 existit,
1550 2840 1708 2942 aliisque
1857 2903 1860 2910 .

328 2940 524 3017 sententiis
549 2941 722 3016 occisoris
755 2949 793 3014 et
825 2942 942 3042 penis
969 2962 1061 3038 quas
1093 2939 1350 3036 premissorum
1378 2942 1576 3016 occasione
1602 2941 1709 3016 etiam

299 3059 381 3113 ex
406 3039 577 3114 institutis
610 3039 843 3136 regularibus
876 3034 964 3112 dicti
997 3037 1137 3114 ordinis
1171 3033 1441 3115 Cisterciensis
1474 3061 1544 3139 per
1576 3035 1708 3116 sedem
1841 3112 1843 3122 ,

329 3138 573 3338 scilliti
594 3133 1709 3336 ‘attilii'lllleflltlllnllltffinitnl'lall

327 3342 480 3413 sterium
516 3338 553 3411 in
579 3337 704 3413 Holen
737 3339 895 3414 transire
927 3351 963 3413 et
993 3337 1079 3413 inibi
1113 3337 1184 3412 sub
1216 3337 1315 3412 illius
1348 3334 1479 3412 ordine
1511 3349 1548 3413 et
1581 3333 1706 3411 habitu

330 3449 511 3538 perpetuo
538 3459 727 3513 remanere
759 3445 797 3535 et
826 3439 862 3510 iu
887 3437 987 3512 illius
1011 3435 1248 3512 abbatissam
1275 3435 1401 3534 prefici
1428 3437 1545 3537 possit
1571 3456 1711 3511 concc-
1805 3479 1808 3495 ι

94 3565 96 3575 ’
196 3625 202 3632 ,
330 3535 423 3612 dere
448 3535 615 3634 aliasque
639 3535 710 3613 sibi
737 3549 775 3612 et
798 3538 907 3613 statui
924 3539 1002 3612 'suo
1027 3535 1063 3610 in
1090 3535 1281 3636 premissis
1307 3545 1484 3629 oportune
1511 3529 1711 3635 prouidere

330 3633 381 3711 de
406 3635 627 3734 benignitate
652 3635 855 3736 apostolica
886 3631 1126 3730 dignaremur.
1161 3631 1247 3709 Nos
1281 3636 1403 3733 itaque
1436 3633 1485 3708 dc
1519 3632 1712 3735 premissis

331 3751 468 3810 certam
493 3736 660 3810 noticiam
695 3759 765 3810 non
797 3733 975 3810 babentes
1008 3759 1054 3810 ae
1090 3731 1263 3812 uolentes
1297 3733 1429 3811 dictam
1462 3731 1711 3832 Margaretan'r

330 3833 426 3910 alias
451 3833 550 3936 apud
574 3857 643 3910 nos
669 3831 717 3910 de
744 3835 935 3929 religionis
960 3833 1046 3910 uelo
1073 3836 1146 3910 uite
1172 3855 1217 3908 ac
1238 3856 1370 3907 morum
1389 3831 1581 3908 honestata
1604 3831 1712 3909 aliis-

332 3957 405 4032 que
428 3934 620 4036 probitatis
645 3945 682 4009 cl
708 3937 873 4010 uirtutum
908 3936 1045 4008 meritis
1071 3933 1315 4034 multipliciter
1340 3930 1618 4008 commendatam
1641 3931 1711 4006 bo-

333 4057 411 4108 rum
435 4035 564 4109 intuitu
588 4031 721 4110 fauore
745 4035 922 4136 prosequi
955 4035 1116 4130 gratioso
1134 4027 1356 4117 ¹huiusmodi
1384 4031 1712 4132 supplicationibus

331 4132 494 4209 inclinati
518 4131 733 4211 discretioni
759 4147 821 4210 tue
869 4158 912 4209 er
928 4132 1134 4233 apostolica
1155 4134 1294 4234 scripta
1315 4127 1524 4208 mandamus
1546 4135 1713 4232 quatinus

260 4299 263 4304 a
331 4233 368 4308 si
390 4245 427 4309 et
451 4242 641 4336 postquam
666 4234 810 4312 uocatis
862 4235 934 4310 'cta
958 4233 1160 4311 Abbatissa
1194 4245 1231 4309 et
1263 4230 1344 4306 aliis
1378 4235 1438 4334 qui
1462 4232 1596 4309 luerint
1620 4250 1715 4308 eno-

565 4335 569 4340 ’
1275 4346 1336 4424 63
1356 4343 1407 4434 ἕ,
1594 4340 1613 4382 '
1658 4335 1669 4358 '
