4209 5034
533 449 557 510 λ’
652 579 674 638 .·
719 513 986 624 episcopatus
1012 461 1271 636 ‚augustani
1595 529 1697 616 aaa
1825 630 1828 634 A
1878 467 1890 482 Ι
1971 650 1985 686 N

316 745 489 822 nonnulla
513 743 591 821 alia
612 745 706 822 bona
728 747 876 826 mobilia
913 763 951 826 et
973 751 1166 830 immobilia
1189 752 1396 854 spiritualia
1420 767 1459 834 et
1480 762 1696 860 temporalia

315 845 363 922 ad
389 847 621 945 Propositum
647 847 838 924 llocanun
863 845 1079 928 canonicos
1114 866 1151 928 et
1176 850 1385 955 Capitulum
1418 879 1465 934 ac
1494 859 1697 936 ecclesiam

314 945 502 1048 predictos
527 969 724 1045 cornaque
749 945 930 1026 Subditos
963 963 1001 1026 et
1030 951 1205 1028 vasallos
1228 958 1443 1054 spectancia
1473 971 1527 1034 et·
1545 983 1594 1034 ea
1626 959 1697 1035 de-

313 1049 427 1122 tinent
452 1045 615 1122 indebite
641 1059 819 1146 occupata
851 1071 922 1124 seu
960 1073 1006 1126 ea
1041 1051 1287 1128 detinentibus
1321 1068 1482 1154 prestant
1520 1059 1695 1134 auxilium

314 1147 504 1222 eonsilium
544 1145 604 1220 uel
636 1145 802 1222 latronem
837 1149 1000 1224 nonnulli
1038 1152 1144 1226 etiarn
1186 1147 1379 1230 Ciuitatum
1416 1154 1618 1243 diocesiurn
1656 1173 1696 1234 et
1742 1230 1747 1235 .

310 1244 1694 1453 tlttttt'tltltfflnltlttitillantemlttttttttt

311 1458 352 1522 et·
372 1445 540 1520 vasallis
565 1467 680 1545 super
705 1443 884 1544 predictis
908 1441 1056 1524 Castris
1079 1448 1195 1526 villis
1225 1462 1262 1525 et
1284 1449 1382 1525 locis
1406 1453 1567 1553 aliisque
1591 1455 1693 1530 Τοι-

177 1599 183 1604 -
310 1547 365 1620 ris
388 1544 567 1621 Domibus
618 1547 895 1620 ossessionibus
926 1548 1073 1624 iuribus·
1104 1560 1141 1624 et
1173 1549 1485 1628 iurisdictionibus
1511 1553 1693 1630 fructibus

308 1646 483 1754 censibus
515 1568 719 1720 redditibus
754 1657 792 1722 et
830 1647 1071 1746 presentibus
1108 1648 1307 1735 eorurtdem
1345 1663 1382 1725 et
1414 1654 1692 1750 quibuscunque

306 1743 390 1820 aliis
416 1744 522 1820 bouis
546 1744 736 1820 mobilibus
762 1753 800 1820 et
823 1745 1064 1822 innobilibus
1088 1749 1337 1845 spiritualibus
1366 1761 1401 1825 et
1428 1751 1690 1851 temporalibus

307 1854 345 1918 et
370 1845 454 1919 aliis
478 1845 592 1919 rebus
625 1839 674 1918 ad
706 1842 858 1920 eoadem
891 1843 1125 1946 Propositum
1156 1847 1346 1927 Decauum
1373 1845 1585 1926 Canonicos
1610 1846 1691 1925 Ga·

303 1944 454 2044 pitulum
479 1941 660 2020 Subditoa
690 1941 868 2020 vasallos
892 1965 938 2018 ac
964 1945 1165 2020 ecclesiam
1190 1947 1441 2047 spectantibus
1467 1949 1690 2050 multiplrccs

304 2043 493 2118 molestias
519 2053 555 2118 et
580 2045 733 2117 iniurias
757 2041 917 2118 inferunt
951 2068 997 2121 ac
1020 2047 1191 2120 iacturas.
1215 2045 1369 2136 ,Quare
1393 2045 1483 2124 dicti
1506 2049 1691 2147 Prepesi-

303 2153 364 2218 tus
391 2142 568 2220 llecanus
594 2139 773 2218 (laconici
799 2155 837 2218 el
862 2138 1073 2244 Capitulum
1098 2145 1205 2220 nobis
1231 2143 1412 2222 bumiliter
1436 2149 1696 2248 supplicarunt.

303 2253 343 2318 ut
369 2265 448 2316 cnm
474 2241 616 2318 eisdam
641 2265 686 2317 ao
710 2237 868 2318 subditis
895 2253 932 2316 et
959 2243 1125 2318 vasallis
1163 2244 1340 2344 predictis
1372 2246 1484 2323 ualde
1511 2245 1690 2322 reddatur

303 2340 457 2417 difficile
482 2364 553 2444 pro
575 2341 732 2435 singulis
758 2338 923 2440 querelis
946 2341 996 2418 ad
1020 2344 1262 2441 apostolicam
1296 2343 1426 2420 sedem
1459 2343 1598 2420 babere
1625 2366 1690 2420 re·

302 2463 450 2517 cursum
473 2439 674 2541 prouidere
696 2443 787 2539 ipsis
812 2461 928 2539 super
952 2439 1025 2516 hoc
1105 2453 1210 2516 terna
1248 2442 1438 2537 diligentia
1462 2465 1689 2529 curaremus.

300 2539 386 2618 Nos
411 2542 523 2641 igitur
547 2538 732 2614 aduersus
770 2549 1015 2639 occupatores
1051 2465 1265 2616 ddtentores
1299 2566 1447 2642 presunt
1473 2555 1577 2617 tores
1609 2564 1689 2618 ruo·
1810 2621 1815 2628 ,

217 2725 229 2744 ι
298 2639 496 2717 lactatores
521 2651 559 2716 et
584 2640 802 2714 inuriatores
828 2637 1035 2715 huiusmodi
1070 2639 1137 2714 illo
1170 2641 1341 2716 uolentes
1373 2642 1432 2716 eis
1459 2664 1516 2716 em
1540 2641 1689 2740 Prepa-

299 2743 371 2817 sito
404 2739 563 2815 lleeaao
590 2731 794 2816 Canonicis
827 2733 1003 2838 capitulo
1036 2733 1208 2814 Subditis
1243 2753 1282 2815 et
1312 2740 1483 2828 vasallis
1518 2739 1685 2818 remedio

299 2841 501 2917 subuenire
527 2847 594 2938 per
617 2837 716 2936 quod
741 2838 902 2938 ipsorum
936 2847 1193 2939 compescatur
1218 2842 1405 2916 temeritas
1429 2852 1468 2920 et
1492 2839 1579 2914 aliis
1603 2837 1687 2916 adi·

299 2951 359 3016 tus
397 2933 626 3016 commitendi
668 2937 799 3014 similia
835 2937 1074 3038 precludatur
1114 2935 1401 3016 fraternitatibus
1438 2939 1577 3016 vestris
1616 2959 1687 3038 per

175 3033 180 3038 ’
299 3037 521 3141 apostolica
539 3039 677 3136 scripta
711 3035 920 3114 nudamus
955 3039 1125 3137 quatiam
1158 3061 1231 3114 uos
1265 3041 1328 3116 uel
1359 3040 1447 3115 Duo
1478 3051 1541 3115 aut
1574 3036 1686 3113 vuns

297 3152 460 3214 semrom
485 3159 563 3240 por
595 3159 664 3212 uos
696 3137 760 3212 nal
800 3137 908 3214 aliun
941 3159 1011 3214 sen
1044 3137 1142 3216 aliua
1166 3141 1283 3214 eciam
1306 3141 1341 3214 si
1366 3141 1440 3220 aiut
1465 3151 1574 3214 extra
1597 3136 1686 3212 loca

295 3239 335 3312 iu
361 3237 493 3338 quibus
518 3235 679 3338 deputati
702 3235 794 3311 as'tis
820 3231 1121 3314 Conserumores
1155 3249 1191 3312 et
1215 3232 1375 3314 ludices
1400 3236 1557 3338 prelatis
1583 3234 1684 3310 Pro·
1845 3323 1852 3339 Ι

295 3341 429 3440 posito·
443 3337 599 3455 Deraso
621 3333 843 3454 (isauricis.
857 3330 1046 3432 Capitulis
1067 3334 1226 3412 subditis
1251 3347 1289 3412 et
1321 3337 1491 3414 vasallis
1514 3332 1686 3418 efficacia

295 3435 529 3549 delensioms
563 3429 730 3537 presidio
766 3445 989 3510 asarstmrtes
1021 3457 1093 3508 non
1127 3438 1341 3533 permittatis
1376 3431 1538 3523 eoadem
1565 3455 1684 3532 super

294 3533 369 3612 biis
394 3546 430 3613 et
456 3535 678 3654 qutbqslibet
708 3533 794 3652 aliis
828 3533 934 3610 bonis
965 3544 1013 3650 et·
1031 3535 1190 3634 juribus.
1215 3534 1263 3610 ad
1295 3536 1529 3638 Propositum
1552 3531 1684 3650 Deca-

294 3629 861 3836 pmietsspnppoxmfipppulpp
893 3626 1152 3809 {firmam-it
1169 3635 1366 3834 qvibbavdid
1392 3630 1683 3818 :lllse‘iblldbllb

294 3835 480 3911 molestari
518 3832 582 3910 uel
619 3835 676 3908 cis
714 3832 928 3931 gnuauim
961 3851 1034 3908 seu
1071 3831 1202 3913 &nna
1237 3831 1301 3910 uel
1334 3834 1489 3920 iniurias
1525 3833 1682 3930 irrogari

295 3931 426 4009 lactari
458 3929 579 4008 dictis
599 3932 798 4032 preposito
832 3931 990 4008 Deoauo
1022 3927 1223 4010 ementes
1247 3930 1422 4033 Capitnlo
1454 3929 1614 4009 subditis
1643 3939 1682 4004 et

294 4031 464 4109 vasallis
489 4055 569 4108 cum
604 4033 651 4108 ab
683 4031 742 4106 ais
769 4029 832 4106 nol
856 4033 1160 4130 procuratoribus
1191 4035 1272 4110 suis
1304 4045 1366 4109 aut
1398 4054 1539 4113 eorum,
1555 4029 1680 4127 aliquo

292 4129 439 4209 laetitia
465 4132 632 4232 requisiti
657 4129 707 4206 de
732 4124 913 4231 predictis
950 4141 988 4204 et
1010 4129 1097 4209 aliis
1121 4136 1292 4236 personis
1313 4131 1540 4233 quibuslibet
1562 4147 1680 4229 super

311 4261 375 4305 ιιι.
391 4261 455 4304 nata.
473 4261 525 4308 var.
541 4261 639 4305 xxxiv.
653 4273 694 4303 ιιι
708 4257 855 4304 attan-t·
870 4270 942 4303 ιιιιι
957 4259 1011 4304 νιι.
1029 4259 1086 4304 rm
1101 4261 1133 4305 m.
1305 4249 1368 4326 Μ
