4209 5034
417 544 514 632 136
617 634 625 641 ,
685 642 689 647 ,
884 618 892 625 .
966 543 1236 631 Monumentu

390 754 559 833 'nabbus
578 765 618 835 et
640 756 727 834 aliis
750 755 947 856 prelaturis
971 781 1016 835 sc
1045 754 1236 835 beneficiis
1262 753 1531 836 ecclesiasticis
1557 746 1727 827 (bullatis
1751 761 1789 827 et

412 856 592 932 Diecesis
611 858 865 953 Augustensis
890 868 928 931 et
951 881 974 932 a
998 859 1169 957 personis
1194 880 1263 959 per
1287 870 1324 933 to
1350 868 1387 933 et
1410 852 1706 956 predecessores
1731 851 1789 951 ip-

407 976 481 1030 sos
505 954 554 1029 ud
579 955 709 1031 eadem
734 978 803 1032 seu
833 956 870 1029 in
903 954 1046 1035 eisdem
1085 955 1340 1035 confirmandis
1364 948 1600 1054 preficiendis
1631 950 1788 1025 seu-in-

412 1055 562 1129 stitucio
584 1055 749 1155 prouisio
771 1052 930 1131 collacio
947 1079 1018 1131 seu
1042 1058 1174 1154 queuis
1188 1054 1482 1156 aliadisposicio
1499 1048 1546 1127 ud
1561 1048 1787 1149 Episcopum
1851 1046 1855 1051 ’

253 1226 259 1233 .
385 1152 688 1249 'Augustensem
713 1176 781 1254 pre
804 1165 966 1253 tempore
990 1158 1211 1231 existentem
1247 1156 1434 1257 pertinere
1466 1146 1670 1224 dinoscitur
1695 1168 1786 1246 quo-
1868 1197 1873 1204 -

408 1252 518 1327 ciens
538 1250 768 1329 Monasteria
792 1253 981 1328 Prioratns
1005 1253 1261 1354 Prepesitatns
1287 1253 1549 1353 Prepesltnras
1573 1247 1789 1323 Decumates

413 1360 451 1426 ot
473 1351 681 1449 prelaturas
712 1374 759 1435 nc
789 1352 971 1429 beneficia
1001 1354 1086 1454 ipsa
1124 1375 1260 1429 uacare
1293 1352 1487 1451 contigerit
1519 1356 1686 1423 annuum
1716 1365 1788 1419 seu

412 1448 554 1525 modios
577 1449 720 1527 fructus
746 1454 850 1549 primi
880 1455 962 1527 anni
988 1447 1037 1527 de
1073 1454 1219 1552 antiqua
1251 1466 1289 1529 et
1313 1451 1511 1552 approbate
1543 1459 1580 1523 et
1603 1440 1788 1520 haetenus

412 1547 569 1649 paeitice
593 1551 790 1627 obseruata
814 1547 1081 1627 consuetudine
1120 1552 1317 1652 percipere
1353 1548 1573 1630 censueritis
1616 1544 1733 1620 eciam
1763 1566 1788 1617 a

413 1658 575 1746 tempore
601 1651 707 1725 cuius
729 1652 901 1725 contrarii
927 1653 1100 1727 memoria
1121 1673 1193 1726 non
1216 1652 1350 1741 existit,
1376 1648 1474 1741 Quia
1496 1656 1711 1721 tamencum
1736 1662 1787 1715 ex

413 1744 605 1822 beneficiis
631 1746 839 1825 huiusmodi
871 1749 1054 1848 aliquibus
1080 1750 1322 1825 Monasteriis
1354 1769 1497 1825 necnon
1522 1740 1787 1821 Abbaciulibus

241 1883 245 1892 ·
284 1924 292 1939 Ι
410 1853 447 1919 et
473 1840 788 1923 conuentualibus
813 1850 951 1923 mensis
974 1870 1021 1923 ac
1051 1848 1136 1923 aliis
1161 1848 1256 1922 locis
1282 1857 1319 1923 et
1344 1848 1514 1947 personis
1538 1856 1676 1921 tuarum
1701 1861 1787 1941 pre·

411 1941 588 2020 dictarum
613 1969 659 2021 ac
683 1946 833 2023 aliarum
859 1942 1055 2023 Ciuitatum
1080 1960 1118 2023 et
1136 1948 1351 2024 Diecesium
1377 1948 1475 2023 uuita
1498 1964 1644 2019 annexa
1670 1952 1707 2014 et
1730 1940 1787 2012 in·

411 2062 456 2115 eo
501 2056 602 2120 eruta
627 2068 697 2120 sen
732 2044 826 2120 alias
857 2048 1091 2148 appropriata
1123 2046 1206 2123 lore
1240 2058 1439 2123 noscuntur
1472 2042 1703 2144 quamplures
1735 2058 1787 2113 ox

409 2163 478 2241 pre
491 2145 562 2217 atis
587 2142 894 2220 Monasteriorum
926 2158 965 2221 et
995 2146 1159 2221 locorum
1190 2145 1397 2221 huiusmodi
1429 2157 1466 2220 et
1496 2143 1581 2217 aliis
1601 2138 1787 2241 npersoois

408 2240 586 2412 predictis
617 2242 822 2317 huiusmodi
859 2244 1002 2319 fruetus
1035 2246 1099 2319 tibi
1136 2245 1228 2323 dare
1263 2244 1442 2320 exhibere
1487 2240 1787 2316 contradixerunt

434 2350 589 2416 aeterma
612 2336 773 2417 indebite
799 2354 837 2417 et
861 2341 1112 2419 contradicunt
1135 2347 1172 2418 in
1195 2366 1345 2442 grauem
1371 2356 1432 2418 tue
1457 2338 1722 2415 iurisdictionis
1740 2356 1787 2410 ac

412 2460 539 2515 meuse
563 2451 625 2515 tue
644 2438 882 2541 Episcopalis
897 2443 1151 2541 Angustensis
1176 2444 1353 2519 lesionem
1373 2459 1410 2519 et
1430 2442 1615 2516 iacturam.
1662 2436 1787 2529 Quare

408 2560 478 2639 pro
502 2550 607 2639 parte
630 2550 692 2615 tua
716 2540 822 2615 nobis
847 2539 916 2615 luit
936 2539 1118 2617 humiliter
1148 2543 1390 2643 supplicatum
1422 2548 1460 2615 ut
1491 2538 1687 2641 prouidere
1719 2534 1783 2609 tibi

408 2650 446 2713 et
472 2638 638 2714 ecclesie
663 2649 725 2714 tue
750 2637 963 2741 superbiis
989 2637 1038 2715 de
1064 2641 1282 2737 benignitate
1314 2640 1519 2743 apostolica
1542 2634 1776 2737 dignaremur

292 2801 296 2816 .
407 2733 494 2812 Nos
525 2736 638 2835 igitur
669 2734 877 2813 huiusmodi
911 2739 1251 2841 supplicaolenibns
1288 2740 1448 2816 inclinati
1486 2732 1804 2815 cousuetudinem·

215 2911 218 2919 ,
293 2831 302 2845 ’
407 2830 615 2909 huiusmodi
640 2848 751 2911 ratam
776 2834 957 2911 habentes
992 2848 1029 2913 et
1055 2850 1191 2935 gratam
1215 2838 1311 2913 illam
1336 2842 1430 2913 sicut
1468 2835 1660 2934 hucusque
1692 2832 1786 2909 alias

407 2932 478 3007 rite
503 2930 701 3008 obseruata
726 2934 851 3009 existit
876 2939 1091 3013 anctoritate
1115 2936 1320 3039 apostolica
1343 2950 1470 3012 tenore
1486 2934 1717 3039 presencium
1739 2954 1786 3007 ex

407 3039 511 3106 certa
535 3034 701 3117 sciencie
725 3034 976 3109 confirmamus
1001 3047 1039 3111 et
1063 3039 1248 3135 presentis
1266 3040 1394 3136 scripti
1413 3035 1613 3137 patrocinio
1628 3056 1786 3109 commu·
1889 3098 1893 3103 .

407 3131 536 3222 nimus,
563 3129 612 3205 Et
636 3130 891 3208 nichilominus
915 3134 980 3209 tibi
1005 3145 1043 3210 et
1067 3138 1353 3213 suecessoribus
1378 3140 1450 3211 tuis
1476 3134 1677 3255 Episcopis
1702 3130 1786 3227 Au·

409 3232 650 3329 gualensibus
665 3232 726 3331 qui
744 3245 851 3309 eruut
875 3256 944 3333 pre
961 3244 1124 3331 tempore
1150 3236 1293 3313 tructus
1318 3235 1524 3313 huiusmodi
1549 3243 1655 3334 prout
1685 3244 1725 3305 tu
1749 3238 1788 3305 et
1848 3248 1858 3271 ⁸

406 3328 704 3430 predecessores
729 3332 885 3431 predicti
906 3330 995 3408 illos
1027 3332 1207 3411 lraotcnus
1240 3339 1356 3413 eciam
1382 3360 1407 3411 a
1438 3334 1629 3413 beneficiis
1653 3330 1784 3405 buius·

408 3424 506 3504 modi
529 3442 568 3503 ut
593 3433 808 3530 premittitur
833 3433 943 3507 unitis
968 3433 1209 3533 incorporatis
1234 3458 1303 3512 seu
1329 3462 1375 3537 ap
1402 3436 1572 3535 ropriatis
1589 3433 1786 3531 percipere

407 3534 447 3603 et
470 3528 628 3625 exigere
654 3532 902 3607 consueuistis
926 3532 1044 3609 libere
1070 3544 1108 3610 et
1134 3534 1233 3610 licitu
1254 3460 1401 3637 petendi
1428 3533 1607 3631 exigendi
1630 3540 1668 3607 et
1687 3530 1785 3603 reci-

407 3624 533 3726 piendi
560 3622 865 3706 contradictores
891 3654 1034 3732 quoque
1061 3644 1098 3709 et
1117 3634 1279 3709 rebelles
1326 3658 1369 3708 er
1385 3654 1576 3709 censuram
1598 3626 1785 3708 eeclesia·

406 3724 535 3800 sticum
558 3726 813 3827 appellaeioee
838 3733 1044 3831 postposita
1068 3660 1330 3831 compescendi
1351 3736 1564 3809 anctoritate
1579 3726 1784 3832 apostolica

405 3820 604 3941 plenumst
627 3826 778 3903 liberam
803 3840 933 3905 tenore
957 3833 1192 3932 presencium
1208 3830 1444 3909 concedimus
1458 3831 1664 3909 facultatem
1681 3823 1784 3903 Oen·

407 3923 640 4001 oessronibus
666 3921 891 4021 indulgentis
915 3950 986 4003 seu
1010 3932 1142 4030 prinilc
1172 3932 1217 4004 iis
1252 3942 1291 4006 ct
1314 3932 1676 4031 incorporaeionlbus
1703 3926 1785 4001 cui·

407 4042 552 4121 cunque
584 4046 655 4113 sen
688 4027 966 4128 quibuscunque
996 4025 1115 4105 ordini
1185 4034 1368 4107 onasterlo
1400 4033 1485 4108 loeo
1521 4054 1590 4106 sen
1624 4046 1785 4129 persone

267 4158 274 4163 ·
405 4130 467 4197 aut
499 4125 672 4223 personis
703 4126 772 4203 sub
806 4150 1022 4227 quacunque
1053 4127 1171 4205 forma
1201 4130 1262 4207 uel
1303 4132 1550 4233 expressione
1589 4128 1785 4205 uerborum·
