4209 5034
426 507 652 639 roe,
840 503 1367 613 „oeconomo

426 743 620 820 ammarum
646 735 844 816 remedium
870 751 908 816 et
932 739 1086 816 salutem
1119 740 1162 816 Io
1190 735 1349 839 capon·
1373 740 1480 816 beate
1505 735 1633 816 Mario
1654 738 1813 840 virginis

425 845 463 918 in
488 837 715 918 Oberndorff
737 849 775 916 et
799 839 868 916 sub
895 839 1064 916 eiusdem
1089 839 1259 916 ecelesia
1276 837 1520 941 parmenidis
1535 839 1710 915 omnbus
1731 839 1813 914 dtis

321 1013 328 1020 .
406 937 687 1020 celebrandum
713 939 761 1016 de
787 941 902 1016 certis
918 942 1045 1026 *sancti
1070 937 1224 1014 Martini
1250 940 1418 1017 ecciesie
1449 938 1694 1042 parrochialis
1723 959 1813 1040 pre-

427 1049 527 1118 tuoto
552 1054 589 1118 et
612 1044 776 1144 ipsorum
808 1041 915 1120 bonis
948 1047 987 1116 et
1011 1035 1216 1117 redditibus
1252 1035 1302 1114 ad
1337 1039 1507 1116 eandem
1525 1039 1711 1142 deputetis
1743 1035 1813 1113 do-

428 1141 573 1218 tandum
599 1139 773 1218 duxerint
805 1151 844 1216 et
876 1139 1048 1216 deuotius
1075 1139 1376 1242 promoueudan,
1403 1139 1600 1240 Nobisque
1625 1139 1813 1240 supplica·

429 1251 529 1318 runt'
547 1250 599 1316 ut·
630 1237 785 1318 eandem
819 1262 944 1316 eornm
983 1239 1256 1318 ordinacionem
1294 1251 1335 1316 et
1368 1239 1598 1318 dotacmm
1632 1249 1815 1340 :tamquam

430 1343 559 1418 bonam
596 1353 633 1416 et
667 1335 888 1418 laudabilem
921 1339 1137 1419 confirmare
1176 1352 1213 1416 et
1251 1341 1461 1441 approbare
1499 1337 1743 1440 redditusque
1777 1350 1815 1416 et

430 1442 526 1520 boos
551 1440 599 1516 ad
626 1443 740 1541 ipsam
766 1443 914 1516 missum
950 1465 1017 1543 pro
1043 1442 1321 1518 sustentaoiooe
1344 1439 1550 1517 sacerdotis
1573 1464 1656 1516 mm
1679 1439 1814 1516 futuris

428 1537 1318 1745 beotiiot¹⁰iitz¹imi⁰tstib⁰³i2
1338 1534 1815 1742 diffidam}

260 1767 262 1772 ·
429 1743 667 1842 incorporare
691 1753 890 1818 annectere
925 1753 961 1816 et
986 1743 1092 1818 ruire
1121 1741 1336 1818 anctoritate
1360 1737 1546 1816 ordinaria
1569 1736 1814 1837 dignaremur,

432 1839 594 1930 Quorum
632 1841 808 1942 precibus
845 1840 1098 1919 fauorabilber
1136 1839 1340 1936 minuentes
1381 1853 1420 1936 et
1452 1843 1563 1942 pium
1588 1841 1815 1943 propositum

178 1976 192 1990 -
305 1985 307 1991 2
432 1934 713 2018 considerantes
739 1963 819 2016 eum
846 1945 960 2018 eciam
984 1938 1096 2018 Jurto
1129 1951 1167 2016 ct
1199 1939 1470 2017 racionabiliter
1492 1941 1703 2042 petentibus
1727 1963 1817 2014 con-

430 2061 569 2117 sensus
595 2041 737 2116 minime
773 2041 821 2114 sit
846 2035 1089 2132 denegandus
1125 2037 1300 2141 prefatum
1332 2037 1605 2118 ordinacionem
1636 2054 1677 2117 et
1709 2035 1817 2116 dotu-

432 2140 576 2215 cionem
620 2139 840 2222 ratificamus
890 2141 1135 2242 approbamus
1177 2161 1321 2217 necnon
1369 2143 1636 2242 possessiones
1679 2163 1817 2217 census

432 2235 603 2316 redditus
629 2237 728 2316 dicte
754 2241 868 2317 misae
894 2253 934 2315 vt
962 2238 1149 2342 prefertur
1174 2237 1329 2317 donatos
1359 2254 1397 2316 et
1430 2240 1564 2318 donato
1591 2252 1629 2318 et
1653 2261 1819 2342 quecun·

278 2427 285 2438 ⁸
433 2361 505 2439 que
529 2341 580 2416 -iu
605 2337 763 2416 futorum
798 2338 968 2417 donanda
1002 2338 1230 2442 assignanda
1262 2352 1300 2418 et
1330 2342 1519 2442 eroganda
1552 2340 1672 2418 eidem
1705 2343 1819 2436 misae

432 2440 651 2518 anneximns
676 2440 858 2518 vniuimuo
882 2453 920 2518 et
942 2442 1255 2544 incorporabimus
1291 2453 1329 2519 et
1361 2446 1589 2522 annectimus
1613 2444 1758 2519 vonum
1782 2455 1820 2518 et

432 2537 714 2642 Incorporomus
749 2563 818 2641 per
850 2554 1066 2644 presentes,
1102 2541 1235 2642 anue
1272 2544 1465 2620 eximimus
1497 2544 1543 2622 ab
1578 2545 1674 2619 omni
1706 2565 1819 2619 onere

272 2729 278 2734 ,
432 2638 531 2716 laice
565 2642 758 2742 potestatis
796 2653 833 2717 et
865 2665 917 2720 ex
951 2654 1055 2720 certa
1088 2643 1255 2720 sciencia
1290 2641 1535 2720 effectualiter
1567 2642 1819 2721 moereamus

434 2738 553 2816 modis
578 2743 614 2812 in
641 2739 835 2818 dotacione
861 2746 1041 2822 contentis
1067 2754 1105 2818 et
1130 2741 1411 2820 condicionibus
1435 2745 1660 2836 subnotatis,
1696 2745 1817 2820 Primo

434 2841 528 2914 enim
556 2838 764 2916 ordinamus
790 2841 986 2918 statuendo
1020 2839 1334 2943 quotienscunque
1362 2843 1570 2921 huiusmodi
1622 2839 1818 2921 rebeudam

433 2960 504 3014 seu
537 2937 753 3018 beneficium
787 2963 923 3018 vocare
961 2943 1056 3018 conti
1085 2944 1155 3017 erit
1188 2956 1326 3020 extunc
1359 2940 1479 3022 Ciues
1517 2957 1555 3020 et
1586 2871 1747 3022 dudices
1778 2945 1817 3016 iu

315 3107 318 3120 ,
434 3034 637 3115 oberdorff
665 3036 814 3142 ¹Judicii
851 3041 971 3117 Jurati
1002 3041 1053 3118 ib'
1084 3063 1141 3116 em
1177 3045 1238 3140 qui
1274 3059 1433 3143 protono
1461 3043 1598 3122 inerint
1633 3039 1817 3145 ydoneum

434 3139 690 3236 presbyterum
717 3141 924 3217 enodarem
950 3139 1015 3216 vel
1040 3164 1234 3240 personam
1254 3143 1437 3243 ydoneam
1464 3167 1535 3244 que
1560 3144 1653 3220 infra
1677 3156 1817 3245 tempus

435 3237 577 3316 oJure
603 3249 770 3320 statutum
795 3233 845 3314 ad
869 3261 1001 3318 sacros
1038 3239 1190 3317 ordines
1223 3247 1431 3343 promoueri
1465 3245 1589 3322 valeat
1620 3243 1670 3320 ad
1701 3247 1818 3346 ipsum

434 3338 650 3415 beneficium
676 3359 746 3416 seu
771 3339 993 3439 prebendam
1026 3363 1095 3442 pro
1122 3343 1338 3421 beneficiato
1371 3367 1442 3421 sen
1474 3343 1703 3445 prebendato
1736 3345 1818 3443 pie-

434 3437 530 3516 bano
556 3435 697 3517 Ibidem
721 3461 790 3536 pro
815 3442 1174 3541 temporeexistsuti
1197 3446 1381 3523 nominare
1397 3443 1543 3535 debent,
1567 3443 1820 3546 qoonmtuea

378 3611 381 3620 ,
434 3541 649 3616 nominatum
696 3538 884 3616 Piebanus
931 3542 1014 3618 sine
1064 3538 1352 3622 contradictione
1400 3547 1560 3644 qnalibet
1601 3556 1818 3646 presentare

436 3633 554 3726 debet,
583 3637 689 3714 uobis
730 3638 793 3714 vel
835 3641 1122 3718 successoribus
1158 3645 1294 3720 nostris
1332 3649 1513 3723 canomoe
1548 3646 1764 3722 intrantibus
1796 3669 1820 3719 a

434 3745 596 3834 tempore
622 3739 826 3814 vamconis
857 3739 960 3816 Infra
984 3754 1126 3841 tempus
1161 3765 1186 3816 o
1209 3741 1305 3821 Jure
1328 3755 1509 3822 statutum.
1534 3745 1711 3845 Alioquin
1736 3749 1818 3848 ipso

434 3837 598 3932 termino
613 3835 742 3936 elapso
767 3863 835 3916 nos
860 3841 923 3919 uel
949 3863 1199 3920 successores
1231 3847 1346 3936 nostri
1372 3869 1439 3946 pro
1463 3847 1627 3946 temporo
1651 3848 1817 3924 existen·

433 3943 492 4009 tes
530 3943 704 4032 tamquam
755 3937 804 4014 de
849 3941 1031 4020 beneficio
1076 3941 1253 4022 deuolute
1291 3945 1492 4046 prouidere
1535 3949 1734 4052 poterimus
1782 3953 1826 4019 ei

280 4107 284 4112 Δ
322 4133 324 4139 ,
433 4033 632 4128 prouidere
668 4031 856 4116 debemus.
905 4041 995 4118 Item
1038 4041 1209 4120 volumus
1248 4055 1287 4119 et
1327 4046 1537 4125 ordinamus
1578 4043 1677 4144 quod
1716 4042 1817 4119 Idem

432 4131 674 4214 berociniatus
699 4139 736 4216 iu
763 4141 893 4218 eodem
919 4141 1103 4220 beneficio
1136 4145 1382 4244 personaliter
1416 4145 1581 4222 resideat
1614 4162 1652 4221 et
1684 4143 1817 4222 dican
