4209 5034
700 551 968 658 episcopatus
994 541 1254 668 Angrmmi.
1563 553 1664 641 339

279 779 380 884 quod
404 804 454 858 ex
479 783 658 886 predictis
684 784 875 862 benefieiis
900 793 1039 864 uacare
1066 787 1283 884 contingerit
1307 786 1382 889 ipsi
1406 788 1466 866 sic
1503 787 1668 892 deputati

265 896 540 986 procuratores
564 909 634 962 seu
659 883 989 964 Administratorcs
1013 884 1108 962 illud
1132 890 1192 964 sic
1224 909 1364 964 naeuus
1389 891 1451 964 rui
1478 912 1529 966 ex
1556 890 1668 965 diotis

280 981 483 1060 Canonicis
509 982 786 1090 capitularibus
810 989 844 1063 si
870 987 962 1064 illud
988 998 1188 1090 acceptare
1211 988 1353 1064 uellent
1378 988 1551 1071 conterre
1575 1013 1667 1092 pos-

277 1095 363 1160 sent
388 1095 425 1160 et
451 1083 630 1163 deberent
654 1097 695 1162 ut
717 1086 904 1189 prefertur
927 1081 1112 1190 Erpense
1142 1109 1236 1164 vero
1269 1090 1308 1164 in
1341 1086 1581 1190 expeditione
1606 1091 1668 1165 lit·

278 1201 436 1262 terarum
451 1183 657 1265 huiuamodi
682 1198 720 1264 et
743 1187 895 1264 aliorum
913 1191 1177 1290 premissorum
1194 1185 1503 1290 apudliumanam
1516 1186 1667 1267 Curiam

275 1283 450 1364 sacionde
475 1307 544 1388 per
569 1289 762 1366 Decumum
787 1300 824 1365 et
850 1285 1058 1391 Capitulum
1082 1284 1276 1392 predictos
1314 1289 1491 1366 duntaxat
1522 1288 1606 1365 fleri
1629 1299 1669 1366 et

277 1389 488 1486 supportari
514 1387 693 1466 debererit
709 1388 761 1464 Et
784 1390 819 1463 si
844 1401 928 1466 ante
955 1390 1132 1468 dictarum
1156 1389 1355 1465 litterarum
1379 1391 1667 1492 impetrationem

277 1499 340 1564 aut
366 1508 417 1562 ex
443 1497 527 1586 post
558 1511 675 1590 super
708 1485 915 1566 huiusmodi
951 1489 1153 1567 concordia
1185 1490 1307 1590 aliqua
1340 1489 1547 1567 differentia
1579 1489 1670 1567 snb-

276 1589 435 1762 ffieppp
458 1587 756 1790 effisggffini?
760 1593 1474 1791 11¹5:833:quulbwpatretzgorffuigrirssgdlim
1482 1589 1669 1784 elleppppp
1772 1683 1776 1686 ’

278 1796 317 1862 et
340 1785 413 1862 sibi
431 1785 680 1887 adiungendis
705 1790 803 1866 illam
820 1789 1000 1867 decidere
1025 1801 1064 1867 et
1077 1792 1273 1867 terminare
1298 1800 1429 1890 posset
1454 1799 1493 1865 et
1515 1791 1552 1868 id
1570 1785 1670 1889 quud

276 1907 347 1986 per
371 1887 382 1960 i
455 1911 476 1960 s
501 1911 571 1966 sen
596 1909 722 1965 eorum
747 1890 919 1965 maiorem
944 1901 1083 1990 partem
1114 1891 1370 1966 terminaretur
1394 1899 1431 1965 et
1457 1888 1672 1965 deviaretur

255 1987 378 2062 ··innio
394 1985 539 2062 abiliter
563 1988 754 2064 obseruari
781 1987 936 2066 deberet
953 1989 1137 2090 Quodque
1158 1986 1401 2065 Mutbcuset
1419 2009 1670 2066 successores
1750 2001 1756 2016 ‘

254 2083 411 2193 -preluti
446 2083 569 2187 moad
605 2109 730 2164 eoram
762 2091 968 2191 portionem
1001 2087 1213 2166 huiuamodi
1249 2097 1287 2165 et
1320 2089 1394 2166 ulia
1425 2091 1610 2191 premisse
1633 2088 1672 2161 in

276 2185 389 2264 bellis
415 2196 453 2262 et
477 2187 563 2262 aliis
591 2189 753 2288 negotiis
781 2212 1007 2284 communem
1041 2191 1162 2291 petrie
1198 2196 1337 2288 pacem·
1361 2187 1670 2266 concernentibus

278 2281 420 2363 eisdem
445 2282 618 2388 Capitnlo
644 2291 748 2364 iuxta
772 2291 951 2388 antiquum
978 2287 1281 2365 consuetudinem
1306 2291 1490 2365 assistere
1514 2287 1673 2366 deberet

277 2395 386 2488 prout
407 2386 447 2460 in
483 2382 698 2484 quibusdam
730 2390 938 2488 patentibus
971 2388 1131 2488 predicti
1156 2385 1401 2462 Maximiiinui
1435 2388 1568 2463 litteris
1599 2382 1672 2460 de·

279 2507 396 2587 snper
412 2485 611 2563 confectis
649 2489 802 2564 eteius
838 2509 883 2562 ao
915 2485 1059 2564 Mathai
1086 2507 1230 2562 nemron
1265 2485 1411 2562 Decurri
1445 2495 1483 2562 et
1508 2481 1674 2586 Capituli
1817 2525 1822 2532 ·

277 2583 527 2686 predictorum
552 2585 690 2686 sigillis
714 2587 860 2662 menide
886 2585 1017 2664 dicitur
1042 2587 1190 2689 plenius
1214 2588 1403 2662 contineri.
1447 2584 1578 2676 Quare
1599 2593 1673 2659 tam

262 2733 274 2746 .
306 2709 348 2762 ro
382 2695 487 2786 parte
521 2685 766 2763 Maximiliani
798 2685 920 2788 Regis
952 2711 1057 2790 quam
1090 2681 1278 2764 ll'riderici
1310 2683 1497 2787 Episcopi
1529 2705 1674 2760 necnon

350 2784 425 2862 tbei
451 2785 639 2888 Prepesiti
664 2809 711 2864 ac
735 2787 882 2866 Dcunni
906 2801 943 2866 ot
968 2786 1136 2888 Capituli
1168 2783 1418 2888 predictorum
1449 2783 1490 2862 id
1514 2805 1674 2863 summo-

281 2909 373 2990 pere
397 2910 465 2986 pro
490 2909 586 2988 pace
612 2899 650 2964 et
675 2889 798 2987 quiete
825 2885 926 2965 dicte
952 2889 1119 2966 ecclesie
1145 2888 1394 2987 exoptantium
1425 2908 1471 2961 ac
1495 2907 1673 2962 usserm-

281 2989 369 3062 tium
394 2987 538 3063 iructus
561 2985 731 3064 redditus
767 3001 804 3064 et
836 3001 1038 3090 prouentus
1073 2988 1173 3064 dicte
1199 2989 1444 3089 Prepositure
1470 2984 1674 3084 (intingan-

282 3097 399 3164 turum
433 3088 677 3164 Floreuorruu
709 3089 877 3164 simibum
911 3088 1114 3166 secundnm
1148 3111 1369 3164 comnrunem
1405 3088 1675 3163 extimationem
1730 3120 1733 3130 ·

283 3187 446 3263 ualerem
470 3211 626 3264 annuum
651 3211 723 3264 nun
748 3189 940 3265 excedere
973 3189 1079 3264 nobis
1110 3187 1181 3263 fuit
1216 3187 1399 3262 humiliter
1431 3184 1675 3286 supplicatum

284 3297 324 3362 ut
356 3289 609 3387 compositioni
642 3299 681 3364 et
712 3289 914 3365 concordie
954 3287 1135 3390 predictis
1195 3309 1239 3362 ro
1273 3309 1400 3361 eorum
1437 3285 1678 3361 subsistentia

285 3385 433 3462 firmiori
459 3389 666 3487 apostolice
693 3388 974 3464 oontrnnnonts
1000 3390 1112 3464 robur
1137 3313 1309 3487 adflictusne
1333 3386 1503 3484 altasque
1524 3385 1561 3457 in
1586 3403 1678 3482 pre7

286 3487 411 3563 missis
435 3499 611 3588 oportune
635 3488 833 3590 prouidere
867 3485 915 3560 de.
956 3489 1180 3587 benignitate
1213 3485 1418 3588 apostolica
1443 3479 1676 3580 dignaremur

118 3667 134 3678 ,
287 3585 373 3664 Nos
397 3587 510 3684 igitur
528 3591 596 3686 uui
613 3591 718 3688 pacis
745 3590 971 3664 amenitatem
992 3591 1295 3687 iuter·persouus
1316 3584 1500 3685 quaslibet
1524 3604 1678 3685 preser-

287 3689 345 3762 tim
368 3686 657 3764 eeclesiasticas
680 3691 812 3788 uigere
836 3697 873 3763 et
898 3689 1028 3788 augeri
1068 3689 1203 3763 nostris
1239 3688 1429 3787 potissime
1454 3683 1679 3784 temporibus
1803 3709 1810 3716 ·

288 3789 473 3887 supremis
489 3781 746 3872 dem'deramus
771 3789 963 3884 affectibus
984 3789 1119 3888 quique
1146 3784 1282 3861 dudum
1297 3789 1389 3861 inter
1407 3785 1482 3860 eliu
1497 3784 1679 3857 noluimus

266 3881 389 3986 -qnud
414 3897 586 3987 petentes
611 3887 792 3964 beneficia
809 3888 1069 3966 ecclesiastica
1096 3888 1180 3962 aliis
1203 3888 1298 3960 uniri
1325 3896 1538 3960 tenerentur
1551 3883 1680 3983 expri-
1839 3937 1853 3953 .

234 3997 235 4002 '
282 4009 390 4064 -mere
416 4009 542 4064 uerum
567 4011 721 4064 annuum
747 3989 909 4064 ualerem
935 3985 1139 4082 wcuuduur
1166 4008 1387 4062 communem
1413 3986 1681 4060 extimationem

291 4087 396 4162 etiam
422 4086 591 4164 beneficii
617 4090 676 4164 cni
704 4084 805 4163 aliud
830 4091 923 4164 uniri
950 4099 1138 4190 peteretur
1163 4083 1324 4186 alioquin
1341 4087 1429 4159 vnio
1449 4108 1520 4159 uon
1538 4083 1683 4158 ualeret
1762 4069 1768 4082 '
1839 4134 1843 4142 ·

292 4198 328 4260 et
350 4209 507 4290 semper.
524 4191 561 4263 in
587 4189 783 4266 unionibus
799 4192 1005 4266 commissio
1031 4187 1128 4263 tierit
1151 4183 1200 4262 ud
1217 4188 1504 4378 partepvocntis
1531 4205 1682 4282 quorum

659 4317 667 4324 .
1283 4304 1312 4380 3
1352 4345 1355 4352 Ι
