4209 5034
459 543 557 634 ite
1016 532 1285 632 limumenta
1372 587 1377 594 ·

454 803 564 858 sores
607 787 753 852 nostros
785 775 998 880 Episcopos
1032 745 1296 875 Angustenses
1332 797 1399 876 pro
1433 787 1597 876 tempore
1631 774 1830 850 existentes

453 879 644 998 perpetuis
667 874 800 954 laturis
827 877 1050 978 temporibus
1076 873 1212 966 debeat
1236 877 1442 978 pertinere,
1480 878 1542 976 qui
1574 885 1739 976 tempore
1770 897 1834 948 ra·
1987 880 1988 911 ³

333 1045 335 1048 .
456 978 620 1056 cuononis
646 975 777 1051 dietam
803 977 947 1052 misaam
972 980 1034 1052 vni
1059 958 1259 1053 Sacerdoti
1284 976 1350 1051 vel
1375 975 1437 1050 lali
1465 977 1525 1076 qui
1551 973 1736 1076 inprimis
1760 984 1835 1048 sta·

454 1082 541 1155 tulis
580 1103 602 1154 a
635 1075 729 1152 Jnre
764 1077 988 1178 temporibus
1021 1075 1070 1152 ad
1104 1071 1255 1150 ordines
1288 1075 1402 1150 eciam
1437 1079 1593 1150 maiores
1630 1075 1849 1173 promoueri.

422 1187 492 1254 et
542 1173 704 1255 ordinari
754 1175 880 1253 valeat
930 1171 1090 1252 debeant
1139 1174 1332 1267 conferre,
1379 1171 1607 1275 Quiquidem
1659 1167 1834 1273 Capella·

451 1301 522 1352 uua
548 1290 588 1352 rt
613 1280 669 1351 sie
694 1278 877 1352 institutus
903 1277 1030 1351 senior
1062 1272 1294 1376 Capelianus
1321 1283 1549 1375 nuncupatos
1584 1271 1717 1349 dictam
1749 1273 1834 1348 mis·

317 1381 322 1390 '
453 1397 531 1452 autu
550 1379 607 1452 in
638 1379 789 1478 propria
828 1398 989 1480 persona
1021 1370 1220 1475 possidere
1251 1397 1297 1450 ao
1326 1371 1541 1474 frequenter
1573 1371 1682 1448 salua
1714 1369 1835 1450 debita

452 1475 644 1554 honestate
669 1476 897 1554 sacerdotali
922 1477 1067 1550 missam
1093 1474 1229 1575 legere
1249 1473 1427 1574 illamque
1460 1473 1601 1574 absque
1627 1485 1755 1548 nostra
1777 1484 1837 1548 aut

453 1599 717 1654 suceessorum
742 1575 889 1652 obtento
916 1597 1101 1651 consensu
1133 1599 1212 1651 cum
1245 1576 1317 1649 alia
1342 1597 1503 1674 persona
1527 1595 1595 1673 pro
1619 1573 1695 1646 alio
1722 1573 1836 1648 benc·

450 1674 535 1752 licio
562 1701 633 1752 non
656 1687 866 1778 permutare
891 1675 1071 1774 Aliaeque
1098 1674 1219 1750 eidem
1243 1676 1356 1750 misse
1382 1676 1418 1747 ln
1446 1673 1583 1749 diuinis
1603 1669 1838 1748 laudabiliter

453 1767 649 1850 deserbire
675 1797 720 1850 ae
747 1797 860 1851 onera
886 1773 1118 1874 infrascripta
1150 1771 1249 1876 apud
1285 1767 1432 1850 debiles
1454 1783 1504 1853 'el
1536 1771 1697 1846 inlinnnos
1732 1783 1836 1872 atque

424 1915 425 1918 ¹
453 1873 547 1978 alias
570 1897 751 1976 personas
777 1871 970 1972 bospitaiis
996 1869 1154 1948 lideliter
1169 1885 1387 1975 supportare
1411 1867 1628 1966 debet-dolo
1648 1882 1686 1947 et
1704 1865 1836 1947 frande

451 1974 598 2076 penitus
625 1977 784 2056 semotis,
811 1969 962 2049 Census
989 1985 1107 2048 autem
1143 1987 1180 2048 et
1213 1969 1381 2048 redditus
1414 1971 1671 2074 infrascriptos
1706 1973 1838 2072 quibus

453 2073 551 2148 dicta
576 2073 689 2148 missa
722 2071 770 2148 de
804 2071 984 2149 fructibus
1019 2083 1057 2147 et
1081 2067 1287 2148 redditibus
1320 2073 1454 2171 prefati
1487 2071 1680 2174 hospitalis
1717 2067 1840 2148 dotata

453 2169 658 2249 dinoscitur
684 2173 853 2247 volumus
887 2193 955 2274 per
987 2169 1207 2265 Magistrum
1243 2171 1437 2274 hospitalis
1472 2197 1540 2276 pro
1572 2185 1739 2274 tempore
1772 2195 1840 2249 ex·

450 2271 619 2347 isleutem
647 2265 855 2371 Capeliano
880 2274 994 2348 misse
1021 2269 1228 2347 huiusmodi
1254 2274 1337 2347 sine
1363 2272 1608 2350 diminucione
1627 2283 1664 2348 et
1683 2271 1839 2373 dampno

452 2365 534 2446 dari
559 2381 596 2446 el
620 2375 850 2472 presentari,
877 2393 969 2473 quos
995 2369 1057 2447 bie
1083 2371 1255 2447 duximus
1278 2373 1531 2464 inserendum,
1565 2371 1689 2447 Primo
1716 2374 1838 2472 itaque

449 2471 620 2547 volumus
647 2481 683 2546 et
708 2473 918 2547 ordinamus
953 2479 994 2545 vt
1027 2471 1155 2548 domus
1189 2493 1305 2574 prope
1344 2469 1474 2548 dictam
1501 2467 1694 2572 Capellam
1722 2470 1840 2548 saneti

453 2567 616 2674 Spiritus
643 2572 679 2644 in
699 2566 815 2648 Curia
841 2569 1033 2672 hospitalis
1060 2575 1130 2647 sita
1154 2595 1256 2672 qnam
1272 2567 1527 2674 Cappeiianus
1544 2571 1710 2648 eiusdem
1728 2572 1841 2648 misse

450 2692 569 2772 ysque
596 2669 702 2746 modo
731 2669 930 2746 inhabitare
964 2673 1135 2748 conuenit
1169 2671 1267 2774 apud
1303 2671 1433 2748 dictam
1468 2675 1614 2748 missam
1674 2672 1840 2774 erpetuis

449 2769 672 2868 temporibus
711 2793 778 2872 pro
818 2795 890 2845 vsu
925 2765 1122 2872 Capeliani
1163 2783 1348 2847 remaneat
1390 2771 1537 2847 Deinde
1575 2782 1615 2846 rt
1697 2775 1841 2872 agister

450 2865 644 2984 hospitalis
671 2864 879 2968 Capeliano
916 2891 984 2967 pro
1017 2881 1181 2971 tempore
1217 2872 1392 2948 existenti
1417 2871 1576 2970 singuiis
1602 2875 1767 2969 angariis
1793 2865 1840 2946 de

408 3013 413 3026 ι
451 2961 658 3042 redditibus
689 2964 884 3068 bospitaiis
919 2968 1044 3043 delet
1078 2971 1244 3064 assignet
1276 2973 1433 3072 quinque
1467 2973 1582 3049 libras
1616 2968 1840 3046 heliensium

451 3075 595 3140 monete
622 3069 804 3142 curtennis
836 3069 873 3140 ln
901 3065 1080 3166 dillingen
1113 3069 1204 3142 llein
1237 3063 1286 3144 ad
1317 3069 1451 3148 festum
1486 3071 1608 3146 saneti
1640 3069 1744 3146 Galli
1777 3067 1840 3145 vei

451 3165 551 3242 eirca
591 3163 757 3240 similiter
796 3165 939 3270 prelato
978 3163 1184 3268 Capeliano
1214 3169 1374 3270 ¹tradere
1412 3170 1525 3247 debet
1565 3181 1602 3246 et
1642 3173 1839 3270 assignare

451 3259 537 3364 ¹Seu
562 3265 689 3341 maltro
712 3267 822 3341 tritici
847 3264 932 3344 Sex
958 3267 1084 3342 maitra
1108 3268 1269 3369 siliginis
1293 3267 1387 3346 'i'rla
1411 3270 1540 3347 maltra
1563 3291 1684 3346 auene
1711 3286 1749 3345 et
1771 3265 1840 3344 tria

450 3361 555 3537 prdei
589 3389 760 3440 mensure
793 3369 829 3484 in
864 3361 1039 3540 (ΙίΙΙίῃέθιι
1076 3367 1167 3442 item
1198 3369 1298 3464 ligna
1332 3391 1398 3470 pro
1431 3395 1504 3446 vau
1540 3381 1577 3446 et
1609 3371 1839 3490 necessitate

450 3461 1376 3669 „leballliii''l0lllaitsbaldetildi
1392 3467 1839 3671 illl‘lril‘lllil

448 3675 485 3740 et
510 3663 585 3737 alia
612 3666 828 3740 necessaria
853 3689 920 3768 pro
949 3665 1093 3742 duabus
1119 3668 1182 3742 vei
1208 3669 1324 3744 tribus
1351 3673 1478 3747 vaccis
1504 3691 1573 3771 per
1593 3664 1838 3771 Capelianum

447 3759 651 3837 nutriendis
669 3785 758 3862 .que
792 3767 908 3841 eciam
941 3789 1060 3842 vacce
1093 3791 1162 3867 per
1195 3781 1381 3868 pastorem
1414 3770 1609 3871 hospitalis
1644 3793 1725 3844 enm
1750 3769 1836 3844 aliis

446 3855 642 3980 lumentis·
657 3860 852 3983 hospitalis
877 3865 1043 3968 pabulari
1077 3877 1115 3943 el
1140 3865 1318 3944 custodiri
1352 3869 1489 3977 debent
1521 3871 1603 3945 sine
1628 3867 1836 3971 preludlcio

447 3951 644 4060 Capeliano
670 3965 885 4069 supradicti,
912 3963 980 4043 Sic
1008 3967 1125 4042 eciam
1152 3963 1383 4070 Capelianus
1420 3969 1514 4046 duos
1541 3992 1677 4072 porcos
1701 3971 1838 4070 poterit

446 4051 585 4176 babere
618 4061 824 4163 vulgariter
856 4061 1114 4142 Nersobwein
1148 4069 1209 4168 qai
1243 4093 1322 4146 cntn
1360 4069 1445 4146 aliis
1477 4072 1601 4172 porcis
1640 4067 1834 4171 hospitalis

445 4179 483 4232 nu
529 4161 631 4238 curia
678 4165 805 4240 nutriri
849 4175 886 4240 et
929 4187 1000 4268 per
1039 4179 1223 4266 pastorem
1265 4166 1441 4247 custodiri
1487 4166 1645 4263 debent,
1697 4193 1836 4270 quous
1990 4202 1991 4261 l
