4209 5034
641 511 908 617 episcopatus
938 505 1200 622 Augustani.
1535 505 1639 596 383,

96 817 97 820 t
254 735 409 917 spodium
434 737 555 914 tsstici.
595 741 687 818 Item
712 751 797 822 sunt
821 739 871 818 ibi
898 761 985 817 aree
1003 735 1109 816 XIII·
1123 736 1316 816 soluentes
1332 733 1473 814 XXIII
1496 737 1641 816 solidos

96 885 102 930 t
282 863 452 917 enarmru
486 886 495 905 ·

302 999 305 1006 .
353 939 628 1016 mensuatim
654 935 727 1018 nuo
752 933 866 1018 recta
890 963 998 1014 vnum
1033 935 1167 1016 socom
1203 888 1454 1014 leonensem
1485 937 1598 1014 seue
1621 935 1643 1012 1

99 1065 101 1075 ·
256 1034 409 1118 modium
435 1039 594 1140 siliginis
620 1040 702 1116 etl
727 1039 884 1118 modium
909 1059 1039 1116 sueno.

356 1139 447 1215 Item
471 1136 574 1216 eliud
599 1139 730 1216 dicium
755 1136 964 1215 boneleben
992 1131 1091 1240 quod
1125 1135 1235 1214 soluit
1258 1137 1279 1212 Ι
1303 1132 1459 1212 modium
1482 1132 1643 1234 siliginis

95 1275 96 1280 Ν
128 1308 133 1316 .
257 1251 296 1318 et
320 1239 340 1314 I
366 1237 520 1316 modium
544 1263 665 1318 sueno
702 1263 774 1341 que
806 1240 909 1316 ambo
944 1238 993 1315 de
1025 1238 1144 1332 gretie
1177 1235 1309 1313 domini
1334 1235 1518 1338 Episcopi
1540 1243 1643 1310 tenet

256 1349 446 1512 mmmmm
471 1446 532 1514 est
556 1439 606 1516 ibi
630 1461 738 1515 vnum
763 1434 958 1538 gestleben
984 1433 1083 1538 qnod
1110 1435 1222 1510 soluit
1246 1434 1267 1510 1
1292 1432 1446 1510 modium
1465 1433 1578 1533 siguli
1604 1440 1643 1508 et

253 1537 275 1616 1
299 1534 455 1612 modium
480 1537 591 1612 tritici
619 1560 700 1614 cum
728 1535 876 1612 dimidio
899 1549 936 1612 et
960 1536 998 1612 II
1022 1533 1163 1610 modios
1187 1557 1307 1610 soene
1334 1543 1370 1609 et
1394 1533 1546 1608 taberna
1571 1552 1642 1632 que

111 1649 113 1654 '
253 1639 411 1752 pertinet
430 1631 793 1738 dominoFlpiscopo.
829 1636 919 1712 Item
945 1635 1142 1752 pomerium
1163 1645 1202 1751 et
1225 1647 1363 1734 protum
1382 1629 1517 1708 ibidem
1540 1641 1639 1706 tenet

254 1735 420 1812 minister
435 1733 483 1809 de
498 1733 969 1836 grstiedominilllpiscop1‚
996 1755 1147 1836 quorum
1162 1732 1259 1810 odem
1274 1731 1444 1808 redditus
1462 1730 1642 1809 debentur
1758 1782 1761 1791 .

255 1834 401 1911 domino
430 1832 634 1936 Episcopo.

354 1933 445 2007 Item
481 1935 517 2006 in
544 1935 724 2032 loningen
751 1930 866 2010 Curis
898 1929 1074 2007 villicatio
1110 1931 1224 2006 soluit
1246 1928 1344 2008 XVI
1369 1939 1499 2005 multas
1530 1927 1643 2005 tritici

96 2007 111 2086 .!
194 2047 198 2054 ·
253 2027 394 2106 XXVI·
415 2041 543 2106 mattos
567 2053 688 2108 enene
714 2041 751 2108 et
777 2031 836 2106 VI
859 2027 975 2106 libras
1001 2029 1243 2105 denariorum.
1283 2029 1374 2106 Item
1400 2040 1485 2104 sunt
1508 2027 1557 2106 lbi
1582 2020 1643 2102 IX

252 2125 465 2230 holpltnobe
525 2153 650 2206 uorum
686 2131 848 2232 quelibet
879 2130 991 2204 soluit
1023 2129 1082 2205 VI
1114 2140 1245 2205 muttos
1280 2130 1388 2204 tritici
1421 2121 1480 2202 VI
1511 2137 1642 2204 multas

254 2251 374 2304 enene
400 2227 441 2302 II
466 2155 610 2304 solidos
637 2229 868 2305 denariorum
900 2232 938 2302 in
963 2225 1173 2328 Epiphanio
1207 2227 1339 2302 domini
1373 2237 1501 2327 preter
1533 2249 1641 2300 rnsm

278 2351 359 2402 nem
378 2325 489 2402 hebet
511 2325 659 2402 villicus
679 2325 811 2402 ibidem
839 2348 909 2425 que
932 2327 1044 2401 soluit
1068 2325 1308 2400 tentumXVI
1333 2320 1518 2407 denarios.
1551 2323 1641 2398 Item

253 2351 311 2501 dt
337 2423 431 2526 pulli
457 2423 587 2500 dentur
611 2425 746 2502 ibidem
761 2424 852 2501 Item
866 2421 1060 2500 Iohannes
1073 2421 1390 2526 Longumpsllinm
1413 2432 1514 2499 temet
1534 2443 1642 2496 snam

102 2629 105 2642 ‚
258 2521 349 2603 dicit
372 2547 418 2600 se
442 2521 583 2601 hebere
608 2515 703 2602 Jire
726 2519 877 2602 feodali.

96 3094 104 3116 ¹,
255 3023 347 3098 Item
373 3023 410 3096 in
437 3019 572 3124 Capite
596 3025 710 3101 iennii
735 3025 774 3102 Il
799 3024 944 3102 solidos

353 2621 446 2724 Item
472 2633 531 2700 est
556 2625 606 2701 ibi
632 2635 781 2726 pratum,
808 2621 905 2724 quod
932 2621 1093 2699 continet
1116 2643 1231 2724 opera
1257 2619 1449 2699 diurnalis

345 2724 446 2820 Item
471 2725 508 2798 in
528 2721 753 2826 Geggingen
779 2719 895 2801 Curia
918 2721 1094 2798 villicalis
1119 2723 1232 2798 soluit
1254 2721 1352 2798 XVI
1375 2729 1505 2798 mnttes
1529 2717 1642 2797 tritici

256 2811 398 2900 XXVI
417 2823 556 2900 mdtttts'
572 2845 692 2901 anene
718 2834 756 2901 et
779 2825 839 2901 vt
862 2825 978 2900 libros
1013 2821 1241 2898 denariorum
1276 2824 1311 2897 in
1337 2819 1411 2922 Ilpi
1438 2819 1547 2898 bonis
1571 2817 1642 2897 do-

95 2936 100 2952 ·
256 2924 353 3000 mini.
401 2921 493 2999 Item
519 2933 578 3000 est
601 2925 652 3002 ibi
677 2922 925 3022 ongerleben,
967 2921 1066 3096 ‹puod
1098 2919 1210 2998 soluit
1234 2921 1384 2999 Martini
1475 2943 1641 2997 anseres.

254 3119 507 3200 becherlehen
533 3125 687 3199 soluens
710 3127 890 3200 strnuatim
917 3123 1077 3201 ducents
1099 3123 1258 3213 bicaris,
1285 3120 1383 3222 quod
1409 3143 1505 3197 nnnc
1530 3120 1640 3196 babet

97 3266 102 3290 1
257 3217 303 3297 Ο.
333 3223 458 3296 senior
484 3221 532 3298 de
558 3222 617 3296 boi
649 3245 671 3298 e
704 3234 837 3298 tantum
868 3247 936 3326 pro
969 3244 1131 3324 persons
1161 3223 1281 3322 ipsius
1306 3220 1401 3296 Jcre
1441 3219 1639 3322 personali.

97 3384 102 3397 .
255 3319 348 3398 Item
373 3330 457 3396 sunt
481 3321 531 3398 ibi
556 3321 614 3398 VI
665 3321 868 3424 slpbuobe‚
903 3347 994 3424 ques
1019 3331 1120 3398 tenet
1148 3319 1267 3396 dictos
1299 3316 1401 3396 holle
1427 3315 1528 3420 apud
1552 3340 1641 3420 pre-

255 3415 452 3599 dwatfftrgdr·
473 3483 510 3595 in
538 3517 757 3599 Oberbnsen
786 3519 901 3600 Curis
927 3519 1103 3597 villicelis
1135 3519 1247 3596 soluit
1271 3517 1312 3594 II
1336 3527 1508 3596 metretas
1532 3516 1640 3592 tritici

254 3618 332 3698 XII
356 3629 528 3698 metretas
561 3645 680 3699 auene
713 3633 749 3700 et
780 3621 840 3699 III
871 3622 984 3698 libras
1023 3621 1265 3696 denariorum.
1303 3617 1406 3693 'Item
1440 3625 1499 3691 est
1524 3609 1641 3690 Curis

95 3760 98 3771 -
254 3719 445 3798 forestolis
470 3717 604 3796 ibidem
630 3745 700 3822 qne
726 3725 838 3800 soluit
861 3720 933 3814 XL
959 3731 1088 3797 multas
1113 3741 1233 3794 auerte
1257 3715 1375 3794 XXV
1399 3713 1544 3791 solidos
1571 3711 1641 3788 de·

255 3821 438 3896 neriorum
473 3815 546 3896 XL
578 3822 742 3922 plaustro
781 3823 959 3922 lignorum
991 3819 1066 3896 XL
1097 3817 1221 3922 pullos
1256 3833 1293 3892 et
1327 3821 1519 3916 quingenta
1545 3809 1639 3887 One.

256 3917 347 3996 Item
373 3916 626 3998 Molendinum
651 3919 786 3998 ibidem
812 3921 923 3997 soluit
948 3921 967 3997 I
993 3921 1120 3995 librom
1140 3913 1369 3994 denariorum
1396 3926 1433 3990 et
1456 3908 1530 3987 XX
1552 3913 1636 4006 pul-

253 4015 314 4094 los
341 4014 376 4097 O
403 4044 484 4098 oua·
532 4021 624 4098 Item
650 4031 709 4097 est
734 4023 783 4096 ibi
809 4045 917 4098 vnum
943 4017 1167 4112 koehleben,
1198 4015 1296 4116 quod
1321 4015 1433 4094 soluit
1456 4009 1535 4087 XX
1560 4035 1637 4087 me-

253 4125 368 4196 tretas
394 4121 554 4222 siliginis
581 4135 617 4200 et
641 4119 716 4198 XX
740 4130 913 4198 metretas
938 4141 1069 4197 auene.
1167 4123 1171 4130 ’

1002 3023 1217 3098 eneriornm.
1264 3023 1356 3098 Item
1382 3035 1440 3100 est
1459 3023 1509 3100 ibi
1532 3045 1640 3097 vnum
1738 3079 1742 3084 .
