4209 5034
684 473 955 584 episcopatus
991 474 1249 596 Augustani.
1602 472 1709 562 stt?

309 719 447 818 quarto.
496 703 710 784 ludierioue
741 701 908 782 secundo
933 705 1174 782 Pontiiinntus
1210 705 1446 786 Snuotissimi
1478 709 1515 782 iu
1550 701 1707 786 Christo

371 814 423 888 ris
461 817 499 885 et
525 805 659 882 donini
694 805 810 882 nostri
834 803 968 882 domiui
993 805 1145 883 Martini
1178 804 1302 884 diuino
1362 805 1575 884 rouidenois
1606 827 1706 910 pape

307 827 437 1007 fflnrti
450 913 561 983 Anno
576 903 743 1008 Septimo
768 899 829 980 die
853 923 945 982 vero
972 904 1107 984 Martis
1132 905 1300 986 seeundo
1360 909 1465 984 ensis
1480 903 1575 983 Mnii
1599 929 1706 984 mnne

308 1013 401 1089 horn
425 1007 619 1111 primarum
644 1003 705 1082 uel
722 1006 828 1106 qussi
872 1005 1083 1084 resentibns
1108 1005 1396 1101 venerabilibus,
1420 1005 1640 1105 Religiosis,
1666 1017 1706 1082 et

307 1109 496 1200 discretio,
521 1107 614 1182 viris
639 1103 803 1182 dominis.
886 1115 965 1182 etro
991 1105 1040 1182 de
1059 1103 1317 1185 Seukendorii
1334 1107 1510 1186 canonino
1535 1105 1706 1183 eooiesie

305 1207 547 1313 [eystetensis
581 1201 896 1282 transtulimus
940 1202 989 1282 de
1031 1205 1221 1308 ii'reytnrh
1262 1205 1403 1284 ordinis
1437 1205 1547 1286 beate
1579 1203 1707 1280 Murio

306 1305 598 1388 theutunioornm
632 1303 861 1380 thesaurario
888 1298 1018 1382 donnus
1051 1307 1091 1380 im
1119 1304 1290 1384 Wertieu
1327 1318 1364 1384 et
1390 1301 1545 1392 Andron
1569 1303 1706 1380 Kosm-

306 1409 334 1485 li
388 1433 431 1488 er
463 1403 601 1480 clerico
627 1405 743 1481 Herbi
772 1401 914 1479 elensis
940 1403 1103 1482 diocesis
1128 1405 1308 1484 Testibus
1344 1405 1393 1482 ud
1426 1407 1609 1508 premisso
1633 1426 1706 1479 vo·

310 1519 405 1588 nnus
430 1501 644 1609 specialiter
673 1515 710 1578 et
735 1429 900 1598 Kogrtis.

324 1779 333 1790 ,
408 1701 459 1779 Ει
484 1719 558 1803 ego
574 1701 776 1778 Heiorious
802 1697 1101 1804 weiierspncher
1126 1700 1289 1788 clericus
1309 1699 1596 1800 Bnmbergensis
1619 1695 1705 1772 ‹iio-

308 1805 413 1884 oesis
454 1803 628 1905 publicus
661 1799 848 1904 Imperinli
895 1801 1111 1880 auotoritnte
1151 1803 1326 1882 notorius·
1386 1799 1482 1894 Quin
1522 1795 1707 1900 predictis

306 1903 500 1986 nonioioui
524 1901 911 1978 Exuommunionoioni
949 1905 1187 2004 suspensioni
1221 1899 1407 1979 interdicti
1448 1897 1706 2002 supposioinui

308 2003 547 2103 omnibusque
563 2002 647 2078 nliis
665 2001 858 2102 premissis
882 1999 964 2078 dum
981 2003 1039 2079 sio
1066 2016 1106 2080 ut
1122 2004 1337 2106 premittitur
1361 1993 1703 2104 perReuereudum

302 2105 344 2180 in
369 2099 523 2181 Christo
548 2111 689 2205 putrem
712 2114 749 2180 et
775 2096 966 2176 dominnm.
1003 2101 1155 2180 Petrum
1178 2101 1409 2204 lipisoopum
1424 2100 1705 2196 Angustensem

306 2203 441 2281 fierent
473 2211 510 2278 et
545 2212 743 2301 egerentur
777 2223 932 2278 ruuoum
968 2205 1227 2307 prenominatis
1265 2200 1424 2280 testibus
1481 2221 1616 2278 resens
1646 2195 1704 2272 ini

307 2323 430 2404 enque
453 2302 511 2380 sio
536 2299 617 2378 lieri
643 2301 722 2378 vitii
756 2313 792 2378 et
816 2296 959 2394 oudini,
1000 2296 1168 2404 ideoque
1200 2323 1360 2403 presens
1391 2298 1577 2402 pubinum
1636 2295 1704 2372 in·

306 2409 542 2480 strumentum
560 2405 636 2501 'per
660 2399 769 2478 elium
794 2395 955 2478 fideliter
979 2406 1053 2479 sori
1080 2415 1152 2480 tum
1178 2396 1317 2480 exinde
1342 2397 1489 2478 confeci
1516 2394 1705 2498 publicani
1764 2463 1776 2476 .
1862 2411 1868 2426 ’

306 2512 346 2582 et
371 2503 409 2576 iu
432 2499 530 2576 huno
554 2499 898 2599 publionmiormnm
912 2497 1034 2600 redigi
1049 2429 1094 2583 gi
1123 2525 1170 2580 no
1195 2523 1243 2578 ne
1261 2510 1299 2578 ot
1313 2499 1457 2576 nomine
1470 2497 1564 2574 meis
1579 2493 1704 2570 solitis

306 2615 345 2681 et
378 2601 565 2679 consuetis
607 2622 784 2704 umanum,
799 2599 1040 2703 Appensioue
1096 2523 1226 2702 {igitr
1257 2597 1347 2679 dieti
1377 2592 1703 2710 Reuerentiissimi
1759 2611 1762 2618 ·

302 2703 344 2780 iu
370 2695 523 2778 Christo
548 2701 662 2802 putris
689 2713 725 2780 ot
752 2697 884 2778 domini
916 2698 1062 2778 domimi.
1109 2701 1212 2780 Petri
1236 2695 1417 2804 iipisoopi
1443 2697 1703 2798 Augustemms

305 2801 454 2920 signnui
494 2814 645 2898 rogatus
684 2812 723 2880 et
749 2801 949 2902 requisitus
982 2801 1019 2877 in
1051 2799 1161 2880 tidem
1200 2811 1239 2878 et
1272 2801 1513 2880 testinnonium
1546 2794 1702 2872 omnium
1802 2853 1808 2862 ,

304 2919 579 3004 premissorum.
