4209 5034
621 633 623 642 .
721 560 990 670 episcopatus
1016 559 1270 679 Augustani.
1341 547 1345 552 ’
1583 559 1686 652 333

153 780 156 788 ’
295 789 427 894 *ipsius
452 749 618 867 ecclesie
643 786 857 870 Cauouieus
882 799 968 868 actu
985 787 1212 894 Osplularis
1236 792 1415 870 existeret
1427 794 1682 892 prouiaionea·

307 913 379 988 quc
404 884 568 1066 desuper
601 889 650 968 de
684 903 812 970 celero
844 894 1049 992 cuicunque
1081 893 1190 968 elteri
1211 891 1385 969 leniendi
1421 904 1550 970 esseut
1580 894 1684 974 nulle

305 997 416 1090 prout
438 991 477 1066 in
515 991 632 1068 itteris
656 989 821 1094 desuper
845 991 1025 1068 conlectis
1052 991 1189 1068 dicitur
1201 993 1349 1094 plenius
1362 993 1540 1070 contineri
1557 992 1684 1086 Quare

166 1147 171 1158 ,
305 1111 388 1190 pro¹
411 1098 512 1188 parte
545 1090 689 1166 Decani
721 1103 759 1168 ct
789 1087 953 1194 Capituli
990 1091 1235 1192 predictorum
1265 1091 1370 1170 uobis
1401 1090 1470 1169 fuit
1502 1091 1684 1170 humiliter

298 1187 544 1289 ‚supplicatum
570 1200 609 1266 ut
633 1200 766 1268 statuto
799 1203 836 1268 et
868 1187 1085 1268 ordinationi
1118 1191 1298 1290 predictis
1331 1215 1401 1293 pro
1433 1213 1558 1268 eorum
1590 1192 1682 1270 sun-

303 1287 472 1364 sistentia
494 1289 640 1366 firmiori
664 1289 872 1393 apostolice
895 1291 1174 1368 confirmationis
1200 1291 1311 1368 robur
1327 1287 1496 1390 adjicere
1512 1291 1681 1409 eliasque
1735 1327 1738 1332 ·
1896 1343 1905 1365 Ι
1952 1295 1956 1303 ’

300 1386 1679 1602 lltllltl·ttlll‘tllltllnl‘qlffiltt„tztlffldttt

300 1607 397 1660 nrum
412 1581 687 1664 cathedralium
712 1585 831 1666 decus
856 1599 894 1666 et
918 1601 1145 1666 uenustarem
1159 1591 1320 1668 sinceris
1340 1585 1542 1668 desideriis
1559 1611 1680 1689 exop-

299 1691 416 1762 temus
432 1685 605 1785 prefatos
629 1685 820 1766 Decanum
845 1699 882 1766 et
907 1685 1116 1790 Capitulum
1140 1701 1178 1766 et
1203 1711 1330 1766 eorum
1354 1689 1523 1788 singulos
1547 1715 1571 1766 u
1596 1690 1678 1788 qui·

299 1781 429 1860 boscis
455 1789 837 1864 excommunicationis
861 1789 1118 1890 suspensionis
1143 1799 1180 1864 et
1209 1788 1394 1866 interdicti
1434 1788 1588 1888 aliisquo
1611 1807 1679 1863 ec·
1743 1864 1748 1874 ,

300 1877 526 1961 elesicaticis
540 1889 743 1963 sentenciis
767 1889 937 1964 censoris
952 1899 989 1962 et
1011 1889 1155 1985 penisa
1180 1888 1261 1964 iure
1284 1887 1347 1963 uel
1370 1885 1574 1964 abdomine
1589 1907 1680 1985 qua·

298 1980 357 2054 uis
384 1985 584 2059 occasione
617 1985 681 2060 uel
716 2005 830 2061 censa
864 1985 950 2060 latis
983 1988 1018 2059 si
1053 1983 1185 2084 quibus
1219 1981 1488 2085 quomodolibet
1517 1983 1680 2062 innodati

298 2078 459 2156 existant
483 2081 530 2158 ed
562 2083 731 2158 enectum
755 2086 977 2184 presentium
1012 2079 1188 2160 dumtaxat
1221 2080 1520 2185 consequendum
1552 2083 1702 2166 harum.

297 2181 398 2254 serie
423 2179 661 2258 absoluentes
686 2193 724 2259 et
747 2181 939 2260 absolutos
964 2182 1046 2259 sore
1072 2194 1272 2260 censentes
1299 2179 1507 2260 lruinsmodi
1532 2183 1677 2284 suppli·

296 2280 501 2356 cetionilrus
526 2281 689 2356 inclinati
714 2291 881 2358 statutum
907 2293 945 2357 et
963 2278 1235 2357 vordinationem
1269 2279 1478 2358 huiusmodi
1500 2305 1547 2358 ac
1572 2292 1678 2383 prout

293 2375 357 2451 ills
382 2389 608 2454 concernunt
634 2379 751 2455 crnnia
776 2393 812 2456 et
837 2379 985 2477 singula
1009 2381 1045 2454 iu
1072 2380 1181 2454 dictis
1206 2381 1334 2456 litteris
1360 2391 1530 2457 contente
1547 2392 1677 2456 aucto-
1755 2443 1759 2449 .

295 2473 402 2552 ritate
428 2477 631 2577 apostolice
663 2489 791 2555 tenore
825 2480 1047 2580 presentium
1080 2479 1321 2578 approbamus
1354 2491 1392 2555 et
1426 2479 1677 2554 confirmamus

293 2573 444 2677 illisque
468 2590 647 2680 perpetuo
667 2588 704 2654 et
727 2577 996 2678 irrefragabilis
1020 2577 1194 2654 lirrnitntis
1219 2578 1332 2654 robur
1346 2576 1544 2679 adjicimus
1557 2602 1674 2678 supp·

293 2674 410 2751 lemos
436 2699 483 2752 ue
508 2699 633 2752 omues
659 2687 697 2752 et
722 2678 890 2777 singulos
925 2675 1096 2753 defectus
1132 2679 1227 2776 siqui
1252 2675 1378 2752 forsan
1411 2679 1676 2753 interuenerint
1758 2697 1763 2707 ·

291 2775 330 2848 in
355 2701 495 2852 eisdem
521 2775 569 2852 Et
595 2775 848 2854 nichilominus
874 2797 941 2877 per
966 2799 1203 2876 quascunque
1228 2776 1370 2852 litteras
1406 2779 1675 2854 concessiones

291 2867 553 2974 dispositioncs
578 2878 726 2974 gracias
753 2887 790 2952 et
814 2871 979 2958 mandata
1003 2875 1074 2954 sub
1099 2876 1290 2976 quibusnis
1327 2878 1521 2954 uerborum
1545 2874 1672 2953 formis

247 3059 255 3066 ‚
291 2995 337 3050 ac
353 2973 532 3052 clausulis
552 2977 657 3052 etiam
674 2971 983 3072 derogatoriarum
1014 2975 1263 3074 derogatoriis
1281 2974 1440 3077 aliisque
1458 2975 1672 3054 fortioribus

291 3071 561 3152 efficacioribus
587 3085 624 3151 et
648 3077 814 3152 insolitis
830 3078 936 3152 etiem
962 3087 1058 3152 motu
1082 3078 1230 3177 proprio
1254 3088 1364 3151 etex
1391 3087 1494 3152 certe
1517 3078 1674 3153 scientia

290 3195 338 3250 ac
361 3169 411 3250 dc
436 3175 640 3276 apostolice
666 3177 860 3276 potestatis
884 3169 1112 3276 plenitudine
1139 3187 1242 3250 etex
1268 3176 1460 3275 quibusuis
1478 3177 1603 3250 causis
1627 3197 1673 3251 ac
1728 3170 1732 3183 '

317 3273 572 3374 uibuscunque
596 3278 770 3374 personis
795 3277 1047 3374 cuiuscunque
1084 3283 1201 3348 status
1235 3271 1376 3371 gradum
1408 3269 1550 3348 ordinis
1582 3297 1671 3349 con·

291 3298 440 3448 ditionis
464 3373 679 3450 Nobilltstis
704 3385 741 3449 et
766 3373 953 3472 diguitatis
979 3373 1227 3448 existentibus
1252 3385 1289 3448 et
1314 3371 1362 3447 ad
1377 3393 1674 3472 quorumcunque

294 3472 401 3549 etiam
416 3472 675 3574 Imperatorum
688 3474 901 3574 Principum
918 3471 1062 3548 Ducum
1087 3484 1125 3546 et
1148 3473 1300 3546 eliorum
1324 3472 1559 3556 Dominorurn
1580 3481 1673 3547 tem·

289 3571 467 3690 pqrcllum
502 3595 644 3648 necnon
682 3585 810 3650 sancte
833 3573 997 3690 Romane
1034 3569 1200 3647 ecclesie
1237 3567 1486 3690 Oardinallunr
1503 3569 1685 3690 'Amnis
1757 3665 1768 3674 ἢ

289 3671 1673 3878 lttltlltnll'tilltttplttltl‘tl‘tllomittit:

288 3879 420 3946 statuto
446 3881 484 3946 ct
508 3871 723 3948 ordinationi
739 3870 918 3972 predictis
943 3870 1084 3968 absque
1101 3871 1246 3946 Decaui
1271 3883 1309 3945 et
1330 3865 1493 3968 Capituli
1519 3865 1675 3972 predic·

286 3981 402 4046 torum
427 3992 612 4072 expresso
637 3993 825 4048 consensu
851 3969 951 4045 nullo
977 3993 1130 4068 unquam
1154 3979 1318 4068 tempore
1343 3969 1572 4068 aliquatenus
1597 3965 1671 4044 de-

286 4091 1668 4274 nn
