4209 5034
1010 907 1438 1065 'nnxvnſs'

849 1217 937 1276 Auno
957 1217 1052 1277 ilco.
1084 1219 1136 1278 1o.
1157 1213 1245 1278 Mali.
1261 1243 1304 1257 —-
1324 1166 1520 1313 Auguatcd-
1639 1219 1645 1224 “
1782 1181 1820 1215 ”

473 1415 1022 1502 Instrumentum'notariale
1043 1439 1174 1523 super
1192 1417 1492 1524 protestatione
1515 1414 1639 1499 electi
1659 1413 1842 1522 episcopi
1986 1458 1987 1491 r

504 1535 685 1620 Fridrici
715 1541 860 1619 contra
888 1535 1161 1619 alienationes
1192 1535 1391 1617 bonorum
1428 1530 1815 1622 ecclesiasticorum.

574 1766 617 1840 In
651 1769 792 1843 nominc
826 1767 959 1844 domini
985 1791 1090 1846 amen
1115 1773 1226 1846 Anno
1249 1792 1275 1844 a
1298 1765 1498 1844 Natiuitatc
1524 1763 1694 1844 eiusdem
1719 1762 1843 1842 ltlilte-
1986 1762 1987 1825 ἶ

474 1865 1284 1966 sinuquadringentesimooctuagesimoaexto
1315 1863 1507 1943 Indioicnc
1531 1865 1671 1956 Quarta
1693 1844 1843 1954 Romi}

474 1977 578 2040 catus
603 1968 821 2040 sanctissimi
847 1969 883 2040 in
910 1965 1061 2042 Christo
1086 1969 1199 2066 patris
1225 1979 1261 2042 at
1285 1963 1419 2043 donini
1443 1968 1560 2041 nostri
1585 1964 1719 2040 domini
1740 1963 1845 2038 Iuno·

475 2065 595 2138 cencii
631 2063 750 2138 diuina
782 2064 1025 2164 prouidencia
1055 2088 1152 2166 pape
1185 2064 1317 2141 Octard
1343 2065 1453 2140 Anno
1476 2063 1641 2140 sewndo
1666 2059 1732 2147 dia
1756 2083 1844 2138 vero

474 2161 655 2236 Mercurii
684 2161 824 2237 decima
849 2167 982 2240 mensis
997 2163 1090 2264 May
1116 2165 1205 2238 hora
1220 2163 1394 2238 Meridici
1420 2165 1481 2238 uel
1508 2166 1613 2263 quasi
1637 2163 1681 2238 ln
1708 2163 1846 2259 meique
1986 2164 1987 2203 ³

474 2259 620 2336 Notarii
651 2261 789 2360 publici
828 2275 864 2339 et
902 2264 1070 2340 Testium
1102 2263 1411 2363 infrascriptarum
1447 2259 1497 2337 ad
1529 2262 1602 2337 boc
1635 2259 1846 2362 specialiter

475 2373 685 2437 vocatorum
719 2373 756 2436 et
782 2373 987 2460 rogatorum
1020 2364 1216 2463 presencia
1247 2361 1499 2439 Personaliter
1532 2362 1753 2438 constitutus
1774 2357 1848 2434 lle·

476 2459 664 2534 uerendus
704 2472 810 2558 pater
849 2461 1015 2537 dominus
1052 2462 1230 2537 dominus
1254 2461 1473 2536 ouldericus
1507 2459 1652 2536 alectus
1685 2458 1850 2536 ecclesio
1985 2476 1987 2495 ¹

475 2557 727 2654 Augustensis
754 2559 892 2635 habens
919 2572 955 2636 et
979 2573 1110 2636 tenens
1135 2563 1216 2636 suis
1239 2563 1275 2634 in
1296 2562 1458 2637 manibus
1477 2555 1653 2658 quandam
1668 2567 1851 2656 prmesa·
1985 2570 1986 2573 ’

477 2661 618 2732 cionem
645 2659 810 2733 cedulam
836 2683 939 2758 quarn
965 2659 1072 2732 michi
1104 2659 1259 2736 Notario
1290 2657 1386 2733 infra
1418 2663 1552 2758 scripto
1584 2656 1634 2733 ad
1657 2654 1851 2752 legendum

475 2756 626 2830 tradidit
651 2779 696 2830 ac
722 2758 886 2831 omuibus
912 2757 1124 2832 melioribus
1156 2755 1262 2833 modo
1298 2768 1336 2832 et
1368 2759 1429 2831 ria
1484 2757 1592 2833 uitus
1628 2758 1745 2857 potuit
1768 2775 1851 2854 pro·

475 2867 630 2930 testatus
656 2853 724 2927 suit
749 2865 787 2928 et
812 2857 1097 2954 protestabatur,
1130 2866 1236 2957 prout
1268 2866 1306 2930 et
1338 2879 1409 2954 quc
1493 2853 1634 2931 modum
1659 2857 1700 2930 in
1725 2850 1850 2931 eaden

477 2948 612 3027 cedula
637 2954 841 3026 continetur
866 2952 986 3027 Cuius
1011 2965 1117 3027 tenor
1151 2955 1200 3031 da
1237 2955 1352 3030 verbo
1378 2953 1426 3028 ad
1451 2955 1603 3032 verbum
1626 2955 1794 3053 sequitur
1816 2961 1852 3026 cl

478 3061 534 3123 cst
567 3051 651 3124 talis
687 3049 783 3140 Quia
815 3050 911 3125 alias
936 3063 1092 3126 vacante
1117 3052 1223 3128 Sede
1248 3053 1389 3151 Epiaco
1415 3054 1465 3128 ali
1496 3053 1660 3134 ecclesie
1684 3053 1725 3127 A
1779 3060 1851 3125 ust-

440 3227 446 3232 ,
472 3149 580 3222 crusis
607 3171 675 3248 per
701 3151 833 3223 obitum
859 3151 954 3226 bone
980 3153 1151 3225 memorie
1178 3150 1310 3226 domini
1333 3078 1514 3230 Jodaunts
1542 3153 1662 3254 ipsius
1687 3173 1760 3228 acc
1775 3149 1852 3224 esic

478 3249 664 3323 nouissimi
691 3248 870 3349 ldpiscopi
897 3250 1070 3324 nonnulla
1096 3252 1214 3349 ipsius
1241 3249 1488 3350 Episcopatus
1522 3253 1618 3329 bona
1649 3265 1688 3326 ct
1721 3250 1851 3326 Mona·

478 3349 627 3421 sterium
654 3351 845 3447 presertim
870 3349 907 3422 in
934 3347 1182 3426 Ottenbeureu
1212 3348 1402 3451 Episcopo
1426 3351 1489 3424 Au
1518 3353 1658 3426 uenosi
1681 3353 1722 3424 in
1745 3347 1851 3449 spiri-

480 3446 638 3520 tualibus
676 3461 713 3522 et
744 3448 1002 3548 temporalibus
1039 3449 1240 3524 subiectum
1277 3459 1457 3549 occupata
1489 3374 1639 3524 ducrum
1669 3461 1709 3524 et
1742 3442 1850 3521 bodie

479 3559 705 3644 occupantur
730 3568 797 3646 per
821 3547 990 3622 nonullos
1023 3547 1143 3622 laicos
1176 3546 1224 3622 de
1253 3546 1353 3624 facto
1379 3549 1619 3624 Premetuens
1642 3549 1757 3645 igitur
1780 3565 1851 3642 ego

478 3640 700 3718 Fridcricus
725 3647 868 3720 electus
893 3649 1147 3745 Augustensis
1179 3667 1226 3720 na
1257 3648 1434 3722 citeriora
1467 3643 1596 3722 danna
1627 3645 1795 3722 ecclesia
1817 3645 1851 3715 in

479 3746 557 3818 suis
592 3743 698 3818 bonis
736 3755 773 3820 et
806 3745 919 3820 rebus
950 3747 1118 3846 paciatur
1142 3743 1310 3830 Stimulis
1333 3747 1498 3822 auaricia
1522 3747 1665 3820 minime
1696 3745 1851 3842 agitatus

479 3839 549 3914 sed
576 3843 692 3915 animo
719 3855 756 3918 et
780 3845 987 3919 intencione
1006 3845 1218 3920 lncursibus
1243 3867 1334 3919 occu
1361 3845 1551 3922 colonibus
1570 3843 1659 3920 facti
1681 3845 1850 3921 bonorum

480 3936 646 4012 ecclesie
672 3945 924 4039 Augustensis
958 3943 1098 4018 damnis
1132 3955 1168 4016 et
1200 3947 1306 4043 peric
1349 3947 1381 4017 is
1413 3943 1543 4018 futuris
1575 3939 1850 4027 occurrendum,

479 4055 600 4130 neque
626 4041 662 4113 iu
688 4053 926 4142 contemptum
951 4055 1079 4118 sancte
1103 4041 1209 4116 aedis
1233 4043 1453 4144 apostolice
1479 4053 1542 4116 aut
1565 4065 1753 4118 sacrorum
1775 4033 1850 4113 Ca·

479 4153 608 4211 nonum
635 4142 916 4218 execracionem
941 4164 1059 4240 ymmo
1074 4142 1204 4241 pocius
1222 4141 1363 4218 eisdem
1379 4142 1533 4217 iunixus
1546 4135 1849 4216 administracioni
