4209 5034
389 612 493 699 244
945 614 1214 701 Monumcuta

387 847 484 924 alios
511 859 549 925 et
572 846 741 947 singulos
767 844 1052 925 ecolasnsncos
1079 861 1116 925 et
1141 848 1336 926 seculares
1353 842 1527 925 Ciuitatis
1554 855 1591 924 et
1610 838 1779 925 diocesis

388 948 642 1043 Augustensis
666 948 938 1046 prenominatos
972 942 1094 1023 eidem
1128 947 1274 1027 domino
1309 947 1517 1026 ureuarico
1543 947 1714 1024 fauentes
1741 958 1779 1025 et

268 1112 272 1117 ,
385 1047 612 1123 adherentes
646 1044 692 1121 Iu
725 1044 796 1122 hac
835 1056 941 1149 parte
974 1070 1117 1124 necnon
1177 1071 1404 1150 ucmcunque
1438 1070 1500 1126 res
1539 1059 1577 1125 et
1608 1046 1704 1125 bona
1729 1046 1778 1125 ad

385 1168 550 1222 mensam
582 1144 847 1248 Episcopalem
882 1142 1054 1223 'eiusdem
1089 1150 1257 1225 eccesie
1283 1148 1540 1249 Augustensis
1573 1149 1779 1323 spectantia

384 1239 609 1322 detinentem
634 1256 674 1322 et
699 1269 794 1325 occu
819 1256 939 1323 numm
971 1248 1141 1347 aliosque
1175 1272 1244 1323 sun
1284 1252 1592 1329 communiterve
1633 1245 1779 1325 dluiaim

385 1343 578 1421 Interesse
602 1273 846 1447 putantesdo
869 1369 1012 1446 genere
1050 1360 1088 1423 ct
1113 1341 1155 1423 ln
1181 1349 1312 1450 specie
1330 1350 1547 1427 auctoritate
1572 1348 1780 1451 apostolica

386 1442 497 1521 nobis
520 1446 566 1521 ln
590 1444 663 1523 lmc
687 1457 795 1548 purte
823 1445 957 1527 tradita
981 1468 1050 1547 per
1076 1458 1223 1523 nostras
1250 1450 1342 1525 certi
1375 1449 1515 1527 tenoris
1544 1448 1673 1525 literas
1700 1472 1777 1525 nro·

349 1636 352 1639 ⁴
386 1546 531 1621 unimus
551 1557 606 1621 .et
640 1547 898 1646 requisiuimus
932 1547 1144 1646 mouerique
1170 1557 1207 1623 et
1233 1550 1372 1648 requiri
1408 1548 1564 1628 fecimus
1598 1558 1777 1648 quatenus

384 1645 454 1723 sub
480 1646 877 1723 excommunicacionis
911 1644 955 1721 Iu
981 1667 1184 1748 personas,
1219 1650 1479 1751 suspensionis
1515 1672 1540 1724 a
1573 1646 1708 1723 diuinis
1733 1649 1778 1727 lu

459 1742 559 1829 itula.
587 1757 625 1822 et
650 1742 843 1823 interdicti
866 1743 912 1821 Iu
934 1749 1097 1848 ipsorum
1122 1746 1311 1823 ecclesias
1337 1758 1374 1825 et
1399 1748 1483 1825 loca
1507 1770 1553 1824 ac
1579 1748 1686 1823 etiam
1712 1748 1779 1825 be·

384 1868 433 1921 ne
459 1845 598 1921 ciorum
631 1839 973 1923 ecclesiasticorum
1010 1858 1216 1923 curatorum
1251 1860 1288 1925 et
1321 1871 1393 1925 non
1428 1858 1632 1927 curatorum
1671 1848 1779 1923 etiem

385 1947 421 2019 si
445 1942 646 2044 dignitates
673 1956 894 2049 personatus
917 1968 988 2022 seu
1013 1946 1139 2023 officia
1172 1946 1311 2024 fuerint
1336 1972 1479 2026 necnon
1504 1944 1698 2024 feudorum
1723 1958 1779 2023 et-

387 2066 459 2145 que
485 2045 668 2122 mobilium
695 2056 733 2123 et
758 2044 994 2123 lnrmobilium
1033 2047 1208 2123 bonorum
1235 2070 1305 2148 que
1332 2073 1355 2123 n
1381 2050 1573 2149 quibnsuis
1600 2046 1778 2125 ecclesiis

387 2145 621 2224 monasteriis
657 2159 694 2223 et
725 2145 811 2223 aliis
846 2146 939 2223 locis
966 2144 1236 2223 ecclesiasticis
1269 2148 1429 2227 obtinent
1461 2148 1687 2251 priuacionis
1720 2148 1779 2223 iu·

365 2244 706 2348 -abilitacionisque
730 2244 780 2323 ad
803 2245 866 2323 illa
891 2257 929 2322 et
952 2247 1083 2346 queuis
1105 2246 1179 2322 alia
1201 2248 1442 2349 Imposterum
1458 2246 1654 2327 obtinenda
1670 2248 1778 2347 penis

388 2354 427 2421 et
450 2348 656 2422 sentenciis
681 2370 727 2423 sc
753 2348 871 2423 etiam.
897 2346 967 2421 sub
1000 2368 1095 2447 peue
1127 2328 1232 2445 ,quod
1256 2344 1306 2423 ad
1331 2348 1488 2425 consilia
1513 2350 1712 2449 principum
1740 2354 1778 2423 et

363 2497 368 2509 ·
390 2448 651 2523 communitatis
688 2469 984 2548 quorumcunque
1018 2470 1090 2522 uon
1115 2443 1363 2543 admittantur,
1396 2448 1468 2527 sed
1492 2444 1542 2522 ad
1566 2443 1779 2523 huiusmodi

389 2544 548 2638 consilia
573 2544 735 2625 bonores
759 2546 958 2626 seculares
991 2544 1182 2624 lnlrabiles
1220 2558 1257 2625 et
1290 2546 1452 2625 Inlames
1480 2546 1715 2627 declarentur
1741 2556 1779 2622 et

359 2655 612 2746 reputentur.
638 2647 741 2739 Quas
768 2646 915 2748 quidem
939 2668 1057 2748 penas
1084 2657 1121 2723 et
1146 2650 1359 2735 sentencias
1388 2650 1431 2725 ln
1458 2648 1561 2751 ipsos
1589 2660 1777 2725 eteorum

339 2826 343 2833 ¹
412 2744 575 2824 uenlibet
611 2747 685 2821 uisi
713 2746 818 2823 lutra
850 2757 990 2824 certum
1023 2748 1214 2825 terminum
1244 2760 1330 2845 tuuc
1364 2771 1585 2851 expressum
1612 2760 1649 2826 et
1672 2744 1777 2823 Jam-

387 2770 526 2919 dudum
551 2844 727 2946 elapsum,
752 2848 826 2948 ipsi
850 2844 1028 2925 videlicet
1060 2846 1232 2925 fauentes
1266 2860 1304 2924 ct
1336 2846 1561 2927 adherentes
1589 2850 1633 2929 ab
1659 2842 1779 2927 adbe-

385 2943 493 3019 sicne
520 2953 557 3020 et
581 2942 749 3039 bomria,
776 2959 1022 3049 occupatores
1045 2970 1137 3025 vcro
1164 2961 1201 3026 et
1227 2944 1439 3027 detentores
1464 2974 1586 3027 rerum
1610 2958 1647 3026 et
1662 2950 1778 3026 bono-

386 3064 463 3117 rum
503 3042 748 3142 predictorum
788 3048 834 3125 ab
878 3049 1134 3150 occupaoicne
1170 3048 1391 3129 detonsione
1427 3062 1464 3129 et
1504 3044 1777 3153 Inpedimentis

330 3168 333 3171 ⁴
387 3139 612 3220 desisterent
635 3140 846 3249 deindeque
876 3142 1123 3223 reuerendum
1156 3162 1296 3251 patrem
1332 3146 1510 3229 dominum
1536 3146 1777 3229 Anshelrnum

384 3232 557 3319 muscum
581 3244 695 3325 rebus
722 3260 760 3324 et
783 3248 889 3325 bouis
915 3244 1059 3323 eisdem
1095 3248 1146 3323 vti
1185 3260 1222 3326 et
1246 3247 1416 3350 gaudere
1442 3250 1563 3329 libere
1589 3250 1777 3353 permitte·

258 3422 262 3429 ,
386 3352 470 3417 rent
494 3340 652 3436 Sibicue
678 3351 821 3425 eteius
847 3347 999 3421 vicariis
1026 3344 1249 3427 officialibus
1276 3374 1348 3427 seu
1369 3351 1511 3428 nunciis
1534 3347 1778 3430 obedientiam
1833 3368 1838 3376 ·

375 3452 424 3518 'et
449 3448 694 3523 reuerentiam
720 3444 862 3523 debitas
885 3457 1107 3547 prestarent,
1132 3472 1178 3523 ac
1202 3452 1322 3553 ipsum
1353 3464 1531 3551 umquam
1556 3473 1683 3527 rerum
1710 3474 1778 3553 pn-

386 3552 522 3621 storem
547 3548 742 3623 ammarum
767 3568 915 3621 suarum
940 3561 1258 3647 recognoscerent
1284 3562 1321 3626 et
1346 3551 1419 3626 sibi
1444 3552 1495 3626 rti
1520 3572 1612 3628 vero
1638 3572 1778 3652 sponso

388 3644 559 3723 ecclesie
584 3647 842 3745 Augustensis
875 3644 926 3723 de
951 3648 1112 3749 siugulis
1138 3648 1294 3727 Juribns
1320 3648 1528 3727 redditibus
1555 3662 1592 3727 et
1607 3672 1779 3825 lprouen-

384 3743 482 3822 tibus
520 3743 690 3820 eiusdem
735 3745 903 3824 ecclesie
943 3740 1217 3851 responderent
1257 3772 1303 3827 ao
1341 3750 1564 3853 responderi
1624 3760 1776 3829 acereut

386 3855 425 3919 et
452 3846 702 3945 permitterent
739 3846 890 3924 realiter
920 3856 959 3923 et
997 3870 1081 3927 curu
1116 3850 1253 3927 ellectu
1291 3848 1334 3924 ln
1373 3852 1524 3953 scriptis
1560 3850 1705 3927 tulimus
1739 3861 1778 3935 et

383 3943 706 4043 promulgauinrns.
756 3941 1018 4025 Certilicantes
1051 3944 1205 4027 eosdem
1240 3948 1337 4051 quod
1373 3960 1482 4027 sexta
1517 3948 1578 4027 die
1602 3944 1775 4028 Juridica

383 4050 469 4141 post
493 4040 636 4145 lapsum
660 4048 803 4125 termini
827 4044 1003 4125 antedicti
1028 4070 1118 4126 rece
1127 4060 1189 4151 pto
1215 4048 1482 4129 lnlormacione
1507 4052 1701 4128 summarie
1726 4049 1776 4129 de

297 4239 311 4245 ss
382 4144 545 4245 ipsorum
570 4140 826 4226 lnobedientia
854 4160 892 4225 et
917 4144 1124 4227 rebellione
1151 4143 1200 4225 ad
1226 4148 1512 4229 declarationem
1537 4172 1712 4253 penornrn
1738 4164 1776 4229 et

383 4245 655 4324 sentenciamm
679 4244 925 4351 predictarum
959 4266 1006 4321 ee
1039 4245 1088 4326 ad
1113 4248 1294 4327 vlteriora
1318 4250 1465 4329 scilicet
1488 4253 1776 4351 eggranacionis
