4209 5034
490 425 500 443 ·
599 463 600 468 l
687 512 959 622 episcopatus
988 504 1289 628 Augustani(
1562 512 1661 615 361
1744 622 1748 634 Ι

273 743 421 822 uoluunt
439 743 492 838 in„
501 709 695 846 autumpno
712 685 785 820 III
809 744 935 832 iibrau¹
949 745 1209 837 veronensium
1226 739 1281 820 m·
1299 745 1338 820 in
1353 694 1458 820 blsio
1474 743 1525 821 u
1549 745 1665 841 libres

220 935 224 940 .
272 848 541 941 veronensium.
598 843 688 918 Item
721 854 807 945 aput
839 843 986 922 Swauu
1028 857 1113 920 snut
1147 843 1233 942 vri.
1267 839 1479 922 Camerlant
1513 869 1664 944 quorum

296 939 462 1020 nutiliuet
493 943 606 1020 soluit
636 945 673 1020 iu
706 957 900 1045 autumpno
924 941 1048 1020 XXX·
1083 941 1228 1019 solidos
1263 945 1523 1022 veronensium
1544 943 1598 1034 ‚lu
1618 929 1664 1023 in

316 1042 422 1118 aioI.
446 1027 573 1120 libram
589 1047 855 1120 veronensium·
891 1043 981 1118 Item
1008 1043 1158 1118 villicus
1175 1067 1200 1118 a
1225 1051 1263 1118 ut
1279 1041 1378 1144 semp
1403 1027 1525 1120 dietus
1534 1041 1664 1124 Eber-

270 1137 411 1218 bardus
436 1145 552 1218 seruit
577 1135 635 1226 tle¹
652 1141 741 1218 VII.
767 1141 827 1218 bai
854 1141 988 1232 huobis
1015 1137 1161 1220 domino
1220 1143 1376 1246 pisoopo
1401 1141 1451 1219 ut
1476 1143 1542 1218 dat
1567 1166 1661 1244 que·

268 1237 358 1338 liuet
381 1239 501 1341 buoba
526 1243 564 1316 in
589 1255 781 1342 autumpno
890 1241 1004 1318 libras
1022 1247 1289 1324 ¹veronensium
1309 1253 1353 1335 ,et
1378 1254 1532 1342 quatuor
1547 1266 1659 1343 gros·

270 1361 339 1416 sos
362 1337 413 1416 Et
444 1341 481 1416 iu
508 1339 588 1416 lllai
613 1339 663 1416 11.
698 1343 813 1420 libras
847 1343 1107 1418 veronensium
1130 1339 1182 1416 Et
1213 1342 1250 1415 iu
1283 1339 1459 1418 Budinelr
1493 1341 1658 1442 quelibet

268 1436 392 1516 buobn
416 1433 664 1517 uatuxxv.
700 1439 874 1518 denarios
900 1439 949 1518 ut
983 1443 1020 1516 in
1046 1437 1221 1527 Buduielr
1247 1441 1409 1541 quelibet
1435 1441 1497 1517 dat
1521 1465 1659 1544 prepo·
1779 1461 1789 1480 ’

268 1541 341 1614 sito
367 1537 530 1614 Mediam
558 1554 700 1616 muttam
732 1563 852 1618 auene
879 1535 945 1640 pr'o
974 1537 1121 1642 pabulo.
1171 1539 1261 1616 Item
1288 1539 1410 1616 dietus
1432 1538 1660 1620 Noertwein

268 1635 380 1714 babet
404 1633 476 1714 duo
504 1635 715 1716 Camerlant
740 1664 814 1742 que
849 1640 999 1719 soluunt
1023 1642 1060 1714 in
1094 1649 1287 1738 autumpno
1312 1639 1382 1714 111.
1408 1636 1521 1714 libras
1544 1661 1661 1716 vero-

267 1739 432 1812 nensium
457 1737 506 1812 Et
532 1739 568 1814 in
584 1733 688 1816 Maia
712 1739 763 1816 Π.
788 1739 903 1816 libras
928 1737 1198 1814 veronensium.
1241 1739 1330 1816 Item
1343 1737 1509 1816 Silridus
1534 1735 1657 1815 dietus

96 1875 99 1882 »
267 1835 418 1913 Tremel
442 1835 552 1914 babet
573 1863 685 1916 vnum
711 1835 920 1917 Camerlaut
955 1835 1052 1936 quod
1086 1837 1199 1912 soluit
1223 1839 1260 1912 iu
1286 1838 1494 1937 Autumpno
1519 1835 1649 1916 XXX*

265 1931 409 2011 solidos
435 1940 693 2018 veronensium
718 1937 768 2012 Et
799 1939 834 2012 in
872 1937 965 2011 maio
991 1936 1020 2011 1.
1045 1935 1174 2010 libram
1206 1939 1466 2012 veronensium
1489 1934 1658 2013 XXXV.

96 2064 98 2068 ·
266 2031 441 2111 denarios
473 2059 541 2134 pro
571 2019 790 2112 sturn01er1
839 2035 931 2112 Item
965 2035 1057 2110 vllin
1083 2035 1120 2108 in
1147 2033 1216 2109 tier
1240 2058 1387 2135 genuen
1413 2033 1524 2112 babet
1548 2031 1657 2112 vnum

266 2127 516 2210 camerlelant
542 2135 639 2233 quod
664 2135 776 2210 soluit
801 2135 838 2208 in
863 2147 1056 2235 autumpno
1073 2130 1206 2208 xxx·
1225 2131 1372 2212 solidos
1395 2136 1657 2215 veronensium
1706 2181 1711 2192 ι

95 2200 102 2253 ³
225 2230 229 2239 “
263 2229 314 2308 tut
338 2235 376 2310 in
400 2231 504 2308 Maio
530 2233 560 2308 I.
593 2235 719 2312 libram
753 2235 1013 2310 veronensium
1036 2229 1090 2306 Iit
1122 2234 1159 2305 in
1194 2233 1360 2310 budinek
1384 2233 1453 2309 lx,
1486 2259 1657 2334 grossos.

96 2383 97 2388 ,
263 2329 354 2406 Item
379 2330 495 2426 vidua
519 2327 619 2406 dieta
642 2331 800 2410 Jaeobin
826 2329 934 2406 babet
968 2351 1077 2404 vnum
1101 2330 1317 2428 legellebeu
1351 2331 1448 2430 quo'd
1483 2334 1595 2412 soluit
1621 2335 1660 2409 in

263 2441 459 2532 autumpno
482 2429 573 2505 XV·
599 2429 740 2511 solidos
766 2429 1021 2506 veronensium
1038 2427 1089 2504 Et
1113 2429 1154 2500 iri
1169 2427 1273 2505 Maio
1297 2427 1347 2504 X.
1372 2427 1517 2505 solidos
1542 2453 1655 2527 vero-

262 2532 439 2620 nensium,
490 2529 581 2606 Itom
606 2529 650 2606 oi
685 2530 827 2632 lumper
852 2529 973 2606 berok
1006 2525 1079 2602 dno
1111 2528 1314 2604 kamerlaut
1347 2531 1411 2629 qui
1442 2526 1592 2605 uoluunt
1614 2532 1654 2607 in

262 2639 446 2730 attumpno
471 2625 541 2704 III.
566 2623 684 2706 libras
707 2629 971 2706 veronensium·
1013 2623 1063 2701 ut
1088 2625 1124 2700 in
1141 2624 1251 2710 Maio
1276 2624 1371 2704 duas
1395 2627 1520 2719 libras.
1536 2628 1653 2704 uero-⁴

261 2732 438 2806 nenstun.
489 2729 582 2804 Item
607 2729 748 2804 vlrious
774 2725 823 2804 de
849 2725 961 2828 bigge
987 2723 1097 2802 habet
1122 2723 1207 2802 duo·
1224 2721 1459 2805 Cbamerlant
1507 2727 1547 2802 ui
1572 2720 1653 2803 sol*-

260 2830 411 2916 nuntio
438 2821 634 2934 autumpno
657 2829 728 2904 III·
755 2827 867 2907 libras
900 2826 1160 2902 veronensium
1184 2824 1236 2902 Et
1267 2828 1304 2902 in
1333 2825 1435 2902 Maio
1501 2825 1654 2904 ‚tium

165 2979 169 2984 -
259 2929 532 3004 veronensium.
580 2927 671 3004 Item
687 2921 887 3004 Cunratlns
912 2923 1063 3002 videm
1087 2921 1343 3002 Pubelbabet
1369 2921 1651 3002 vnumCamer·

95 3093 96 3096 ,
259 3025 335 3102 lant
361 3027 458 3129 quod
492 3027 603 3104 soluit
637 3031 674 3102 in
708 3039 902 3128 autumpno
926 3021 1052 3100 XXX.
1079 3018 1223 3100 solidos
1254 3019 1512 3103 veronensium
1536 3025 1587 3102 uu
1612 3027 1650 3107 iu

260 3123 364 3202 Maio
390 3128 421 3200 Ι.
447 3128 574 3203 libram
600 3129 866 3204 veronensium.
910 3123 1006 3212 ‚Item
1033 3121 1222 3200 Dictriuus
1248 3126 1285 3200 in
1308 3121 1391 3201 dem
1417 3123 1512 3217 rietb
1537 3123 1649 3203 babet

260 3247 369 3300 vnum
385 3219 596 3302 Cauuerlant
621 3227 717 3326 quod
737 3225 848 3300 soluit
873 3225 911 3297 in
931 3235 1123 3322 autumpno
1137 3221 1268 3298 XXX·
1300 3223 1443 3300 solidos
1461 3245 1652 3300 veronen-

260 3325 352 3400 sium
378 3334 416 3400 el
438 3327 475 3400 in
500 3323 604 3403 Malo
630 3327 661 3401 1.
686 3327 812 3402 libram
837 3323 1107 3399 veronensium·
1154 3319 1246 3398 Item
1273 3321 1483 3401 Gotsoballr
1507 3343 1553 3395 au
1580 3317 1651 3400 tler

259 3418 406 3499 Luctum
439 3421 548 3502 hebet
580 3451 687 3502 vnum
713 3422 922 3502 Camellaut
947 3419 1043 3522 quud
1077 3418 1190 3497 soluit
1217 3423 1253 3496 iu
1290 3419 1642 3525 autumpnum·
1712 3489 1716 3496 ,

257 3519 402 3598 solitlos
440 3528 695 3602 veronensium
728 3525 778 3600 iu
813 3526 850 3598 in
876 3519 977 3596 Maio
1011 3519 1042 3594 I.
1073 3520 1201 3597 libram
1235 3526 1505 3605 veronensium.
1554 3519 1648 3596 Item

256 3645 278 3696 a
306 3632 345 3696 ut
369 3621 608 3724 lumperboeb
631 3623 703 3700 Est
726 3649 835 3698 vinnm
860 3617 1114 3722 llloleutlinum
1141 3620 1238 3719 quod
1266 3621 1379 3697 soluit
1395 3624 1433 3696 in
1452 3631 1648 3722 autumpno

256 3647 372 3798 XIIX
405 3721 550 3800 solidos
583 3725 852 3799 veronensium·
903 3719 994 3796 Item
1029 3719 1075 3794 ab
1109 3719 1178 3796 der
1210 3721 1321 3820 Egge
1355 3723 1392 3795 in
1425 3715 1592 3797 budinek
1615 3717 1647 3793 Ι.

255 3819 384 3900 librum
420 3825 689 3900 veronensium.
738 3821 829 3898 Item
864 3819 986 3896 dietus
1021 3817 1191 3895 Roiteler
1224 3834 1310 3923 aput
1329 3819 1490 3900 .Gerlez
1524 3815 1587 3892 dat
1610 3815 1643 3892 1.
1770 3903 1774 3910 ‚

256 3919 383 3998 libram
408 3924 668 3998 veronensium
693 3923 729 3998 iu
755 3920 919 3998 budinuk
946 3917 993 3994 de
1020 3942 1094 3992 vno
1121 3917 1244 3993 leiren.
1293 3921 1385 3996 Item
1422 3919 1468 3994 ab
1502 3917 1647 4018 lumper

257 4019 352 4116 berg
386 4021 433 4098 de
471 4018 569 4100 dieto
601 4026 708 4121 algen
741 4023 778 4095 in
804 4016 970 4096 budiuok
1002 4015 1032 4090 1.
1070 4016 1197 4092 libram
1233 4021 1502 4096 veronensium.
1552 4015 1645 4093 Item

257 4120 350 4197 vllin
375 4124 411 4196 in
440 4121 508 4198 der
533 4121 687 4198 Ganuen
721 4119 782 4197 dat
815 4114 864 4196 de
890 4139 963 4192 vno
996 4114 1109 4192 leben
1133 4120 1171 4192 in
1197 4114 1361 4195 budinek
1386 4116 1475 4194 XV.
1501 4115 1647 4194 solidos
1700 4117 1706 4123 '

189 4298 196 4309 ,
282 4251 347 4295 aron.
358 4253 424 4297 nors.
439 4249 600 4300 vouuxxrv.
615 4265 657 4296 su·
672 4249 817 4295 muraenam
831 4245 968 4292 naussum.
984 4240 1040 4288 rm
1050 4245 1087 4288 un
1255 4231 1317 4309 46
