4209 5034
419 528 515 654 ,dd
906 592 910 600 ·
990 526 1272 640 ‘nonomen
1426 627 1430 633 .

450 787 702 868 constituimus
728 793 766 863 et
791 782 1027 890 deputamus,
1061 784 1250 863 lemnus
1274 783 1438 864 madem-
1453 793 1549 863 luam
1573 779 1624 864 ci

445 891 578 966 tionem
596 891 633 964 in
660 887 812 982 domiuo,
840 897 878 964 et
901 911 970 990 per
987 891 1136 964 uiscera
1161 885 1417 962 misericordie
1435 879 1570 964 domm
1585 887 1701 962 bosri

447 985 589 1112 (ibristi
604 990 835 1110 requirentes
862 999 899 1064 ut
913 1009 1044 1065 munus
1068 986 1275 1090 legacionis
1294 984 1499 1110 bumsmodi
1523 997 1692 1099 prompta
1715 984 1831 1104 duo·

445 1101 546 1266 titt
570 1086 1836 1292 lttttmt“ntltttltuttttt'brduutellit:

444 1287 553 1400 sedis
579 1299 616 1364 et
640 1300 765 1366 nemra
791 1287 933 1367 bonore
958 1213 1020 1367 udJ
1033 1287 1166 1368 dietam
1192 1287 1326 1364 dietam
1350 1288 1517 1382 loturam,
1542 1287 1579 1363 si
1604 1306 1677 1387 per
1699 1285 1836 1363 ubtu-

448 1381 569 1465 dinem
600 1400 696 1466 tuam
735 1388 964 1494 corporalem
1002 1387 1189 1467 commode
1221 1389 1355 1491 poterit
1387 1412 1477 1466 csse
1512 1385 1763 1492 personaliter
1795 1399 1833 1462 te

356 1511 359 1518 ⁴
447 1487 640 1582 conferas,
679 1500 716 1566 et
748 1491 785 1567 in
815 1491 897 1594 ipso
936 1489 1036 1567 dieta
1068 1490 1182 1567 rebus
1216 1489 1490 1590 benegerendis
1528 1500 1568 1566 et
1602 1487 1835 1565 cunctam

409 1597 411 1602 ’
446 1590 672 1666 necessitate
699 1593 864 1684 marinus,
891 1590 1067 1667 celeriter
1090 1589 1139 1666 ad
1165 1591 1333 1667 ed'eetcm
1358 1587 1612 1668 conducendis
1636 1610 1688 1665 ex
1715 1585 1834 1664 oldoio
1984 1605 1989 1666 ζ

371 1749 374 1756 «
445 1685 644 1788 legationis
669 1703 732 1768 tue
757 1691 819 1768 tibi
843 1687 892 1768 ad
912 1689 984 1768 boe
1007 1714 1077 1794 per
1100 1707 1170 1766 uos
1196 1693 1387 1768 commisso
1407 1692 1628 1767 audacitate
1652 1699 1777 1764 nostra
1798 1687 1834 1762 in

447 1787 701 1890 omnibusque
727 1789 775 1866 ad
793 1788 942 1867 landem
966 1786 1028 1867 dei
1056 1801 1093 1867 et
1108 1785 1362 1867 defensionem
1376 1789 1467 1867 fidei
1483 1813 1531 1868 ac
1547 1788 1836 1867 consolationem

424 1884 639 1964 ⁴eluristiaui
663 1889 790 1991 populi
824 1885 965 1967 cedere
998 1893 1239 1988 cognoueris,
1277 1887 1450 1968 adiuncto
1481 1892 1567 1996 ipso
1599 1888 1835 1966 llemrieosi
1987 1952 1988 1965 a

446 1979 659 2091 Episcopo,
686 1997 867 2088 oportune
893 1989 1107 2084 consulas,·
1126 1999 1164 2067 et
1188 2012 1235 2066 ea
1259 1989 1410 2090 singola
1442 1994 1536 2068 omni
1575 1987 1779 2089 diligencia
1801 1993 1838 2063 et

447 2085 580 2165 fauore
606 2111 837 2192 promoueas.
885 2087 972 2167 Nos
1000 2093 1096 2168 enim
1130 2102 1171 2168 ut
1202 2092 1320 2166 omnia
1356 2091 1583 2169 commodius
1618 2103 1655 2166 et
1686 2087 1836 2167 lacibus

448 2182 498 2262 ad
535 2201 692 2290 optatum
708 2205 710 2210 ·
726 2187 976 2268 conducantur
1011 2193 1201 2283 ellectum,
1246 2187 1368 2268 eidem
1403 2188 1738 2294 circumspectioni
1775 2200 1836 2264 tue
1987 2190 1988 2201 '

326 2369 329 2378 ,
448 2287 556 2364 simul
598 2301 636 2365 et
661 2287 761 2368 dicto
787 2289 1020 2368 li’errarieusi
1046 2289 1238 2395 Episcopo
1271 2293 1550 2394 quibuscunque
1635 2290 1777 2366 emonis
1801 2299 1839 2363 et

286 2433 290 2452 ι
446 2389 676 2464 necessariis
693 2389 991 2470 conclusionibus
1017 2415 1086 2494 pro
1112 2391 1184 2469 bac
1198 2402 1326 2468 sancta
1351 2391 1594 2494 expeditione
1662 2390 1753 2468 bitis
1776 2385 1837 2464 uel

447 2483 630 2565 habendis
655 2491 905 2568 auctoritatem
931 2502 968 2568 et
994 2487 1182 2569 decretum
1207 2489 1466 2594 interponendi
1490 2493 1586 2568 iuter
1606 2486 1838 2567 dissidentes

446 2589 637 2692 principes
660 2601 729 2666 mm
745 2591 958 2766 spirituales
984 2604 1181 2692 quam‘tem
1208 2590 1335 2668 creles
1361 2594 1467 2668 etiam
1482 2594 1739 2690 cuiuscunque
1755 2588 1838 2688 dig·

448 2689 572 2765 nitatis
598 2711 643 2766 ac
669 2713 767 2768 exce
783 2691 928 2784 leucio,
965 2713 1037 2768 nec
1071 2717 1144 2769 non
1171 2615 1458 2794 democrates
1484 2703 1522 2768 et
1555 2690 1770 2791 siugulnres
1791 2709 1836 2763 ae

446 2788 696 2886 particulares
722 2813 903 2892 personas
929 2786 1029 2867 dicte
1055 2791 1228 2870 Nationis
1261 2813 1390 2898 pacem
1416 2801 1454 2868 el
1491 2789 1727 2868 concordiam
1751 2809 1838 2910 per·

447 2897 593 3060 &tuam
618 2909 687 2964 seu
713 2889 949 2992 temporalem
980 2892 1161 2968 tractandi
1195 2907 1233 2970 ct
1265 2887 1508 2995 componendi
1539 2888 1604 2965 uel
1638 2885 1688 2965 a‘d
1721 2907 1838 2964 munus

487 3007 621 3083 reugas
637 2983 937 3092 Quinqueuuales
961 2987 1151 3067 indicendi
1176 2991 1239 3071 uel
1264 2996 1334 3069 iam
1348 2993 1478 3070 fumun
1503 2985 1659 3067 indictas
1673 2985 1839 3066 lirmsndi
1984 3024 1985 3085 t

448 3107 495 3162 ac
520 3087 591 3162 sub
618 3093 787 3166 censuris
813 3089 1087 3167 ecelesiasticis
1114 3101 1151 3166 et
1173 3091 1260 3166 aliis
1285 3093 1414 3191 quibus
1440 3086 1625 3196 expedire
1652 3088 1837 3166 uidebitur

448 3187 557 3290 penis
583 3188 620 3263 in
646 3185 741 3267 banc
766 3191 882 3294 ipsam
908 3189 1192 3292 expedicionem
1218 3192 1490 3285 conuertendis,
1517 3191 1563 3267 ab
1589 3191 1759 3265 omuibus
1781 3191 1840 3263 ln·
1977 3246 1981 3255 .

448 3285 672 3366 ululabiliter
696 3291 890 3368 obseruari
906 3289 1070 3368 faciendi
1096 3303 1207 3394 atque
1232 3288 1425 3367 mandandi
1441 3290 1601 3368 Necnon
1626 3291 1663 3362 in
1679 3287 1839 3388 singulis

447 3387 655 3465 Prooineiis
682 3385 851 3470 dominiis
878 3387 1100 3468 Ciuitatibus
1127 3406 1164 3468 et
1186 3389 1282 3467 locis
1314 3391 1534 3469 notabilibus
1559 3383 1752 3491 predicari
1779 3385 1839 3462 fa·

449 3487 571 3564 ciendi
597 3511 743 3570 crucem
770 3515 815 3568 ac
841 3491 1102 3592 indulgencias
1129 3493 1315 3592 plenarias
1348 3493 1444 3567 illam
1477 3489 1751 3568 assumentibus
1775 3483 1838 3560 uel

291 3589 294 3602 '
449 3585 497 3662 ad
520 3585 591 3663 boc
616 3601 780 3668 sanctum
807 3615 828 3666 o
856 3615 899 3666 us
926 3593 1258 3688 concionantibus,
1293 3592 1363 3668 tam
1387 3617 1458 3695 per
1482 3617 1550 3667 nos
1576 3611 1681 3690 qoem
1706 3595 1839 3663 sancte

448 3683 717 3765 recordatiouis
750 3615 1065 3793 predecessores,
1089 3702 1236 3768 nostros
1270 3691 1455 3768 Romanos
1490 3689 1710 3780 Pontifices,
1746 3707 1838 3763 con·

450 3802 595 3875 cessas,
622 3812 712 3886 quas
738 3791 904 3866 uolumus
919 3785 1165 3868 decernimus
1197 3803 1234 3866 et
1259 3790 1493 3869 declaramus
1519 3791 1697 3890 consequi
1721 3805 1836 3887 posse

448 3901 495 3957 ac
522 3879 680 3977 debere,
720 3913 845 3965 ornnes
869 3885 955 3965 illos
982 3891 1042 3988 qui
1076 3913 1145 3992 per
1169 3904 1313 3992 tempus
1337 3891 1507 3967 'l'ricouii
1541 3891 1647 3967 anuis
1673 3886 1835 3982 siugulis

447 3977 497 4058 ad
522 3977 593 4056 boc
619 3995 781 4062 sanctum
806 4011 900 4090 opus
926 3989 963 4063 in
987 3993 1128 4067 truncis
1161 4013 1232 4067 seu
1267 3993 1393 4165 capsis
1426 4015 1493 4094 per
1525 4003 1564 4067 te
1597 4007 1667 4066 seu
1700 3984 1835 4062 dimon
1980 4074 1981 4077 a

446 4077 671 4184 Episcopum
697 4097 758 4161 aut
783 4089 997 4166 auctoritate
1024 4103 1149 4167 nostra
1173 4114 1290 4192 super

1339 4113 1387 4166 oe
1406 4087 1675 4168 constituendis
1699 4097 1833 4162 tautum
1858 4107 1868 4124 ·

447 4179 686 4285 imposuerint
700 4197 736 4264 et
750 4211 831 4266 eum
855 4191 989 4268 ellectu
1005 4193 1277 4284 contribueriut,
1303 4202 1470 4292 quantum
1488 4215 1559 4295 pet
1583 4213 1689 4268 ruam
1705 4184 1835 4287 Septi·
1979 4280 1980 4306 Ν
