4209 5034
575 560 584 575 ‘
708 560 976 668 episcopatus
1003 556 1266 674 Augustam.
1599 560 1701 665 206

320 785 385 867 dei
408 789 659 893 omnipotentis
684 802 722 868 et
748 792 877 894 ipsius..
891 790 1006 868 diuini
1030 790 1185 870 nominis
1211 788 1356 883 cultum,
1382 786 1487 869 duxit
1504 788 1702 873 doandan

318 899 359 965 et
380 886 563 967 deuocins
585 891 746 993 pleniter
770 886 992 969 fundandam
1017 890 1209 993 perpetuis
1226 888 1360 968 suturis
1375 894 1593 994 temporibus
1612 916 1702 999 per·

317 1013 521 1067 mansuram
559 1004 597 1066 et
622 988 801 1069 deinces
833 994 871 1069 in
906 1015 999 1068 rsus
1033 986 1255 1093 Oappollani
1291 992 1411 1092 ipsius
1443 996 1556 1089 misse
1589 1004 1627 1069 et
1661 994 1701 1071 in

315 1088 393 1165 alia
414 1090 562 1191 pietatis
587 1111 701 1192 opera
724 1016 778 1169 ai
797 1092 917 1192 ipsius
944 1092 1077 1169 decani
1109 1084 1381 1174 ordinacionem
1417 1086 1702 1171 conuertendaur

315 1198 357 1265 ut
379 1190 418 1263 in
442 1190 560 1290 literis
584 1186 752 1293 desuper,
775 1191 958 1269 coniectis
982 1214 1051 1293 per
1076 1213 1157 1269 eum
1182 1188 1301 1267 lacius
1327 1193 1543 1287 continetur,
1570 1190 1697 1288 Quare

314 1286 424 1365 uobis
448 1301 624 1391 amquam
647 1291 721 1371 looi
742 1291 932 1390 ,ordinario
957 1314 1038 1367 cum
1064 1290 1173 1367 solita
1187 1286 1272 1366 beni
1324 1292 1411 1367 itate
1428 1304 1465 1367 et
1480 1295 1700 1369 reuerencia

315 1389 498 1489 seriosius
522 1388 755 1492 supplicabat
780 1408 817 1467 ut
841 1386 1082 1493 prescriptam
1108 1380 1231 1491 ipsius
1291 1391 1491 1467 otacionem
1525 1404 1563 1467 et
1595 1386 1698 1467 ordi·

315 1490 505 1563 nacionenr
530 1484 765 1589 dignaremur
789 1492 995 1593 approbare
1021 1502 1059 1567 et
1083 1490 1297 1565 auctoritate
1334 1484 1518 1565 ordinaria
1577 1493 1698 1567 racio-

314 1588 397 1663 sius
423 1587 638 1666 confirmare
664 1586 832 1667 redditus
857 1603 894 1667 et
920 1590 1013 1667 bona
1039 1586 1205 1667 ecclesia
1229 1586 1472 1687 parrochialis
1496 1592 1534 1665 in
1548 1512 1697 1667 §wen-

314 1687 450 1787 ningen
475 1689 646 1790 predicte
670 1688 719 1767 ad
744 1689 952 1767 huiusmodi
977 1688 1185 1792 cappellam
1208 1711 1280 1765 seu
1304 1690 1450 1765 missam
1484 1700 1696 1791 perpetuam

312 1810 384 1888 pro
401 1790 676 1867 sustentacione
701 1790 868 1893 plenarh
890 1790 1099 1867 sacerdotis
1123 1785 1174 1865 ad
1197 1786 1352 1864 eandem
1377 1788 1529 1865 instituti
1553 1802 1591 1865 et
1616 1812 1696 1867 eam

312 1886 522 1965 celebranti
543 1902 581 1964 et
605 1902 755 1992 propter
777 1891 851 1967 alia
875 1912 991 1993 opera
1023 1890 1186 1967 caritatis
1212 1886 1427 1965 exercenda
1457 1892 1559 1965 iuxta
1589 1913 1695 1967 suam

312 1984 594 2065 ordinacionem
623 1985 786 2067 rmarrdo
819 1986 1091 2091 incorporando
1137 2000 1174 2067 et
1214 1990 1425 2091 perenniter
1462 1986 1695 2067 annectendo

309 2082 399 2163 Nos
432 2111 524 2165 vero
561 2111 642 2165 cum
699 2102 801 2167 arata
842 2092 974 2167 mentis
1008 2090 1203 2167 allectione
1237 2088 1345 2165 iustis
1378 2100 1415 2165 et
1447 2088 1694 2165 laudabilibus

308 2186 411 2263 votis
435 2198 545 2288 atque
569 2192 673 2290 preci
700 2215 744 2265 us
770 2190 890 2293 ipsius
925 2189 1059 2267 damni
1092 2188 1259 2269 ecclesie
1293 2196 1420 2265 nostre
1455 2190 1695 2288 augustensis

312 2288 505 2460 cupientes
537 2311 701 2366 annuere
736 2301 773 2367 ot
805 2285 1101 2369 desiderabiliter
1133 2288 1383 2392 complacere,
1422 2282 1622 2386 Consensu
1656 2298 1695 2367 et

311 2409 361 2461 vo
377 2396 503 2463 uncte
527 2386 794 2467 uenerabilium
826 2402 864 2467 et
895 2391 1002 2467 nobis
1034 2392 1071 2465 in
1098 2386 1249 2469 Christo
1283 2386 1500 2463 dilectorum
1533 2382 1693 2463 Fridrici

317 2486 542 2586 burggrauii
577 2491 755 2591 prepositi
798 2491 858 2565 sui
894 2488 1069 2567 Germani
1109 2501 1146 2567 et
1180 2488 1301 2563 tocius
1339 2485 1487 2587 capituli
1524 2484 1692 2561 ecclesie

321 2598 437 2662 nostre
462 2592 701 2685 augustensis
724 2586 894 2691 predicte
916 2586 1039 2679 ¹adhoc
1063 2588 1211 2691 plenius
1246 2583 1511 2661 accedentibus
1543 2596 1580 2660 et
1612 2586 1692 2660 sin·

323 2684 415 2783 gulis
447 2710 520 2785 qne
558 2690 594 2764 in
626 2688 760 2765 talibus
794 2690 1042 2789 requiruntur,
1082 2684 1255 2765 adhibitis
1287 2682 1615 2787 sollempnitatibus
1653 2684 1691 2759 in

315 2786 504 2883 premissis
522 2796 595 2862 tam
610 2784 659 2865 dc
675 2784 943 2865 consuetudine
966 2813 1069 2889 quam
1095 2782 1144 2864 de
1162 2789 1244 2861 iure
1261 2782 1392 2861 dictam
1416 2784 1692 2883 augmentacio-

311 2906 392 2960 nem
424 2883 695 2964 ordinacionem
727 2911 798 2965 sen
829 2887 1088 2966 fundacionern
1121 2908 1190 2990 pro
1225 2884 1422 2963 sufficienti
1454 2895 1491 2961 et
1522 2884 1691 2985 plenaria

305 2980 502 3086 prebenda
526 3010 596 3089 per
622 2986 757 3065 dictum
781 2984 959 3065 decanum
983 3000 1022 3065 nt
1044 2988 1261 3091 premittitur
1291 2984 1412 3066 factas
1448 2984 1691 3085 approbamus

303 3084 601 3177 etratilicamus
636 3110 682 3164 ac
715 3112 767 3165 ex
799 3100 902 3165 certa
935 3090 1103 3165 sciencia
1134 3082 1183 3165 ad
1207 3084 1383 3165 honorem
1408 3080 1543 3159 domini
1575 3084 1691 3159 nostri

300 3180 422 3259 ihesu
454 3182 591 3261 Christi
630 3198 668 3264 et
702 3189 823 3291 ipsius
858 3190 979 3265 matria
1015 3190 1180 3287 gloriose
1217 3197 1254 3263 et
1292 3188 1445 3263 omniun
1482 3194 1690 3258 sanctorum

284 3282 552 3361 'effectualiter
590 3286 840 3363 confirmamus
880 3301 918 3365 et
957 3312 1039 3365 cum
1078 3284 1283 3386 spiritualia
1313 3290 1394 3363 sine
1427 3280 1688 3383 temporalibus

299 3381 448 3459 diutius
461 3384 680 3469 ,subsistere
705 3411 777 3463 non
801 3398 956 3489 possunt
969 3384 1183 3463 Ecclesiam
1202 3380 1468 3485 parrochialem
1485 3382 1524 3454 in
1544 3378 1688 3457 Swen-
1760 3418 1763 3425 ·

297 3482 446 3582 ningen
476 3496 676 3587 pretactam
712 3486 952 3565 adnocaciam
990 3497 1029 3562 et
1065 3485 1349 3587 Juspatronatus
1383 3478 1550 3561 eiusdem
1585 3478 1687 3556 dicte

297 3578 494 3685 Coppelle
519 3587 638 3661 sancti
663 3582 836 3663 Vdalrici
860 3592 930 3663 se'u
955 3587 1069 3661 misse
1094 3594 1274 3686 perpetue
1309 3605 1389 3659 curn
1419 3580 1584 3655 omnibns
1607 3582 1688 3656 suis

296 3680 491 3758 fructibus
515 3680 722 3763 redditibus
746 3687 885 3763 iuribus
918 3697 957 3763 et
988 3682 1278 3771 obnencionibus
1304 3694 1342 3759 et
1366 3680 1605 3785 pertinenciis
1629 3682 1688 3753 in·

298 3785 586 3881 corporauimns
621 3797 658 3861 et
688 3786 871 3861 vuiuimus
896 3808 942 3861 ac
966 3784 1202 3885 presentibus
1227 3784 1331 3860 incor
1357 3803 1506 3879 oramus
1525 3780 1688 3873 annecti,-

299 3905 390 3959 mus
415 3892 452 3957 et
476 3884 620 3958 vnimns
643 3882 712 3961 hiis
737 3877 933 3987 inscriptis
949 3880 1092 3960 Dentes
1130 3896 1167 3959 et
1191 3877 1309 3958 conce
1338 3895 1452 3975 entes,
1468 3878 1688 3987 cappellano
1776 3918 1782 3929 ·

301 3980 412 4058 dicte
446 3978 631 4084 Gappelle
669 4008 739 4060 seu
779 3988 892 4061 misse
927 3994 1107 4087 perpetue
1172 4004 1213 4058 er
1245 4006 1313 4058 nos
1345 3994 1408 4058 aut
1439 3997 1695 4065 successores

302 4093 457 4157 nostros
487 4080 525 4157 le
553 4084 648 4157 'time
677 4086 837 4160 instituto
869 4085 1024 4187 plenam
1038 4009 1272 4159 erliieram
1305 4090 1521 4183 potestatem
1560 4100 1687 4155 oannes

93 4235 98 4348 p
299 4178 517 4258 fructnsre
545 4178 644 4259 ditus
669 4196 707 4260 et
730 4199 931 4287 prouentus
956 4180 1123 4261 eiusdem
1148 4182 1315 4260 ecclesie
1339 4204 1435 4259 nunc
1460 4192 1497 4257 et
1512 4180 1687 4281 inperpe-
