4209 5034
1489 383 1496 426 i

702 520 969 628 episcopatus
998 520 1255 639 Augustani.
1581 522 1671 609 14¹

803 802 809 811 ’
884 806 1089 939 nxnrv.

668 1068 756 1127 mm
777 1070 871 1131 uon
899 1073 950 1133 aa
970 1072 1115 1147 nugae
1159 1070 1309 1147 numne.
1331 1102 1337 1113 ·

289 1261 574 1350 Bnrkhardus
621 1288 688 1373 cp.
735 1269 925 1355 unionem
979 1270 1183 1356 ecclcsiae
1231 1278 1273 1356 ct
1319 1272 1672 1387 congregationis

293 1375 683 1469 Sanctimonialinm
722 1386 765 1468 in
805 1382 1144 1472 Salmanahovcn
1186 1412 1279 1471 cnm
1325 1391 1578 1473 monasterio
1617 1413 1673 1473 nn
1737 1390 1745 1399 ”

689 1501 777 1590 dem
807 1502 946 1589 Holnc
974 1510 1105 1589 ratam
1133 1504 1272 1591 habat.

390 1733 638 1813 Burckardus
673 1732 736 1815 dei
770 1752 808 1815 et
833 1737 1039 1844 apostolice
1064 1733 1169 1817 sedis
1196 1740 1324 1840 grauia
1349 1732 1563 1842 Episcopus
1588 1738 1673 1821 An·
1721 1816 1731 1831 ,

290 1838 484 1927 musis
508 1837 705 1913 Vniuersis
731 1849 768 1915 et
792 1842 948 1939 singulis
973 1842 1204 1941 presencium
1228 1841 1496 1941 inspectoribus
1522 1850 1560 1915 ei
1583 1860 1672 1938 pre-
1701 1851 1705 1866 ¹
1822 1934 1826 1940 Ι

290 1936 416 2006 sertim
441 1932 514 2011 hiis
564 1959 689 2013 norum
714 1940 777 2014 vei
811 1964 960 2039 qnorum
985 1944 1139 2015 interest
1168 1951 1232 2015 ant
1264 1942 1299 2015 in
1326 1938 1482 2015 futurum
1508 1939 1673 2013 intererit

290 2026 462 2150 Salutem
482 2038 519 2110 in
539 1962 690 2113 domino
725 2050 763 2113 at
786 2042 955 2115 noticiam
980 2040 1126 2127 subscri
1153 2052 1265 2115 torum
1298 2038 1346 2115 ad
1379 2050 1590 2139 perpetuam
1615 2038 1672 2113 rei

292 2151 495 2209 memoriam
522 2131 615 2212 Cum
654 2147 691 2211 ct
726 2139 890 2235 plantare
940 2160 1084 2215 sacram
1125 2064 1351 2237 Religionem
1394 2149 1432 2213 et
1477 2134 1672 2255 plantatam

294 2224 424 2345 funere
467 2235 585 2312 modis
621 2237 787 2311 omnibus
833 2236 1032 2314 debeamus
1075 2262 1250 2337 nusquam
1295 2234 1366 2313 hoc
1405 2236 1537 2313 melius
1579 2257 1673 2311 exe·

297 2350 432 2425 anmur
457 2356 560 2430 quam
592 2336 625 2409 ai
662 2338 800 2413 nntrira
833 2358 880 2411 ca
913 2359 985 2435 qna
1019 2350 1124 2411 recta
1163 2348 1247 2411 sunt
1280 2348 1317 2411 ct
1348 2356 1566 2435 promouere
1600 2356 1671 2433 qne

298 2428 496 2525 proiectum
531 2435 677 2509 vinctis
724 2444 762 2509 ct
800 2436 1046 2512 obseruancia
1088 2434 1272 2534 regularis
1312 2456 1358 2509 ac
1399 2434 1557 2507 diuinum
1591 2432 1673 2505 oui-
1744 2498 1760 2509 .

177 2616 180 2620 ¹
303 2535 365 2601 tun
393 2525 583 2630 adaugent
615 2534 790 2631 pastoraii
832 2557 925 2609 cura
963 2534 1070 2607 nobis
1102 2560 1124 2607 a
1160 2529 1234 2609 deo
1272 2554 1465 2609 concessa,
1491 2552 1672 2607 curemus.

308 2622 426 2745 Nuper
461 2631 586 2805 itaque
622 2657 690 2734 pro
732 2643 838 2733 parte
873 2633 956 2709 Reli
985 2637 1143 2711 'oacrum
1177 2644 1214 2709 et
1249 2629 1600 2712 denotarumnobis
1633 2630 1670 2703 iu
1822 2654 1827 2676 ¹

309 2718 443 2805 Cbnsto
484 2728 521 2804 di
539 2741 700 2807 ectarnm
741 2732 894 2809 tiliarum
981 2757 1022 2811 ar
1048 2744 1151 2809 arcte
1193 2730 1452 2809 Marscholkin
1488 2728 1530 2803 M
1581 2728 1671 2803 istro

300 2825 404 2941 :inne
427 2828 479 2905 dc
503 2829 708 2909 Tanhnscn
735 2832 922 2909 Priorisse
955 2754 1162 2907 Kadarinc
1190 2829 1240 2909 de
1269 2831 1498 2928 Mindiingen
1572 2840 1672 2909 osio-

295 2920 396 3001 drase
442 2927 666 3008 adelhaidis
713 2930 763 3008 de
821 2932 946 3019 Grima
1001 2942 1040 3007 ot
1087 2928 1311 3008 Adelhoidis
1364 2930 1412 3005 de
1468 2924 1675 3004 Norndorff

292 3023 499 3104 Caninicnm
525 3028 720 3117 Elisabeth
747 3028 796 3107 de
821 3028 1062 3107 Richonbach
1086 3029 1291 3105 Katharine
1326 3028 1374 3105 de
1401 3026 1567 3127 liningen
1594 3026 1671 3103 Vr·

288 3128 372 3205 aule
398 3126 449 3204 dc
464 3127 674 3206 Norndorii
691 3129 887 3206 Elisabeth
923 3131 1135 3206 Duibeckin
1155 3143 1193 3207 et
1206 3130 1349 3206 Vrsnle
1368 3124 1671 3221 Sohondorfferin

289 3227 628 3305 sanctimonialium
663 3230 923 3331 professarum,
947 3230 1165 3305 Monostsrii
1192 3253 1241 3303 nn
1267 3227 1350 3303 dem
1376 3224 1496 3301 Holcn
1530 3222 1671 3299 ordinis
1809 3274 1811 3279 -

288 3326 422 3405 Sancti
447 3326 641 3404 Benedicti
675 3340 800 3403 nostre
825 3330 1080 3426 Augusteusis
1114 3328 1292 3428 dyocesis
1327 3334 1437 3399 totum
1463 3320 1670 3423 Capitulum

286 3430 372 3503 aine
401 3420 630 3503 Conuentum
655 3428 822 3503 eiusdem
847 3428 1065 3503 Monaatcrii
1098 3426 1316 3503 saciencinm
1348 3437 1386 3499 et
1410 3433 1668 3539 representan-
1769 3479 1774 3485 Δ

284 3530 381 3605 dum
408 3547 455 3601 ac
476 3527 596 3626 ipsius
621 3522 839 3603 Conuentns
871 3529 965 3642 siue·
982 3524 1143 3625 Capituli
1179 3520 1343 3600 eiusdem
1370 3522 1588 3639 Monmteni
1620 3543 1670 3597 ax

282 3647 482 3801 ’Ἥ
496 3648 588 3803 ”ii
603 3618 1670 3823 ‘iitdigitii'iiiidi”iiidoetiiiiidi

281 3752 573 3903 ddslesiasme
597 3820 706 3899 domo
731 3820 1051 3923 Congregscionis
1082 3823 1211 3919 wnlgo
1243 3826 1278 3897 in
1313 3821 1382 3896 der
1406 3819 1567 3919 Samnnn
1621 3816 1670 3894 dc

284 3922 583 4005 Salmanshoncn
609 3918 777 4002 ciusdem
803 3935 929 3998 nostra
954 3923 1135 4022 dyocesis
1161 3920 1339 3996 hactenns
1352 3942 1495 3993 moram
1521 3840 1670 3993 crudien-
1733 3968 1734 3971 η

284 4029 383 4104 oium
418 4034 461 4101 et
491 4024 559 4099 sub
584 4025 701 4099 tercia
724 4023 853 4120 regula
878 4022 1008 4111 Sancti
1034 4021 1227 4099 lt'rancisei
1260 4021 1494 4115 communiter
1519 4028 1557 4094 et
1582 4018 1671 4093 reli-

284 4130 395 4229 giose
434 4124 641 4203 viucocium
675 4144 874 4222 omnesque
908 4144 1091 4223 personas
1126 4132 1164 4195 ct
1197 4132 1305 4208 totam
1324 4118 1668 4218 congregacionem
