4209 5034
886 1181 973 1241 ano
996 1151 1091 1241 tran.
1124 1181 1305 1272 amorra.

461 1381 614 1464 Petrus
654 1403 721 1488 ep.
762 1379 1045 1487 parochialem
1084 1381 1305 1465 ecelesiam
1340 1382 1384 1464 iu
1426 1377 1648 1489 wolpach
1684 1382 1729 1463 in

876 1499 1072 1582 vicariam
1101 1493 1322 1582 coufirmat.

391 1803 394 1810 .
503 1729 639 1804 Petrus
666 1727 727 1804 dei
755 1731 960 1831 epastolice
992 1727 1098 1807 sedis
1133 1733 1261 1828 gracia
1296 1675 1509 1830 Episcopus
1536 1732 1791 1828 Angustersis

402 1827 466 1904 Ad
494 1839 704 1930 perpetuam
731 1833 783 1904 rei
811 1833 1013 1906 memoriam
1039 1829 1245 1905 Pastoralis
1271 1832 1376 1909 nobis
1411 1830 1558 1906 iniuncti
1586 1829 1700 1905 officii
1725 1832 1792 1907 rri-
1819 1867 1822 1871 >

360 1993 363 1999 .
400 1929 586 2004 misterium
625 1929 840 2028 exequimur
865 1925 949 2004 dnm
979 1926 1028 2005 ad
1054 1951 1112 2003 ea
1168 1929 1229 2005 ue'
1250 1929 1363 2004 dirirl
1398 1931 1522 2007 cultus
1556 1941 1787 2027 augurarium

406 2028 568 2104 efficiunt
600 2029 732 2126 gracili
770 2029 1021 2106 munificencia
1054 1954 1268 2202 oqitulamrr
1301 2027 1400 2104 vnde
1435 2028 1605 2131 prolecto
1639 2012 1793 2111 'summit

401 2127 611 2204 lontetenus
629 2125 729 2228 quod
744 2124 846 2204 recle
861 2129 1055 2224 gloriantis
1097 2127 1158 2206 dei
1173 2141 1379 2205 sectatores
1395 2139 1494 2204 tauto
1512 2126 1558 2202 ad
1575 2129 1792 2228 sapiendum

405 2250 477 2328 que
503 2251 648 2301 sursum
674 2239 770 2320 suut,
797 2226 998 2305 redduntur
1023 2232 1263 2306 animosiores
1284 2241 1416 2328 quanto
1432 2253 1477 2304 se
1492 2228 1682 2303 fauoribus
1702 2235 1792 2304 don·
1880 2230 1884 2243 '

383 2325 591 2404 'solatoriis
617 2330 848 2430 conspiciunt
880 2333 1055 2430 prosequi
1088 2323 1226 2430 pai-iter
1252 2342 1289 2404 et
1312 2329 1436 2404 fulciri
1463 2327 1568 2406 Sane
1593 2351 1663 2428 pro
1689 2341 1791 2430 parte

404 2426 528 2502 deuoti
556 2427 661 2504 rrobis
687 2430 723 2502 ir
751 2423 900 2506 Christo
927 2427 1057 2506 dilecti
1120 2429 1303 2506 ilriderici
1330 2426 1533 2508 Stainbach
1567 2431 1726 2505 rectoris
1754 2429 1789 2505 in

401 2523 591 2628 Wolpach
609 2539 645 2602 et
670 2529 800 2604 vicarii
827 2529 1113 2632 capelle'lriuut
1140 2552 1267 2628 regum
1293 2528 1397 2606 chori
1412 2530 1667 2624 Angustersis
1682 2527 1791 2608 nobis

401 2625 470 2704 init
495 2629 642 2704 sincere
669 2631 879 2730 expositum
905 2627 1005 2732 quod
1030 2627 1163 2706 dudum
1191 2625 1389 2704 Corradus
1410 2629 1574 2729 Mynnor
1598 2630 1693 2703 cinis
1708 2628 1794 2702 An-

403 2727 594 2826 gusteusis
630 2727 713 2804 dum
748 2731 785 2804 iu
819 2729 985 2806 humanis
1024 2743 1155 2830 ageret
1192 2731 1250 2828 qni
1287 2742 1325 2804 nt
1367 2731 1547 2806 conicitur
1590 2727 1791 2803 fructuosis

406 2827 581 2926 operibus
600 2827 760 2905 refertus
777 2831 952 2905 affectans
968 2830 1175 2904 transitoria
1194 2830 1229 2901 in
1247 2839 1374 2904 eterna
1392 2826 1555 2902 feliciter
1573 2839 1790 2908 commutare

404 2923 584 3026 capellam
611 2929 695 3001 sine
723 2929 897 3004 vicariam
923 2933 1027 3004 trium
1051 2929 1196 3027 Regum
1221 2931 1502 3026 prenominatam
1529 2922 1725 3002 fundasset
1744 2946 1792 3000 ao

405 3023 557 3100 eandem
583 3019 726 3102 duabus
753 3030 863 3102 curiis
889 3055 962 3104 vua
986 3027 1164 3104 videlicet
1188 3027 1298 3102 dotali
1325 3040 1362 3102 et
1388 3029 1461 3104 alia
1486 3026 1675 3102 cniusdam
1701 3025 1791 3100 dicti

402 3123 587 3200 Zeirelirs
615 3151 716 3225 quam
743 3149 839 3204 runc
864 3128 1007 3230 qnidam
1024 3127 1121 3203 lllair
1138 3127 1298 3225 Gogeliu
1322 3127 1452 3216 colere
1478 3122 1622 3216 dicitnr,
1646 3129 1681 3200 in
1703 3124 1793 3199 villa

407 3222 595 3325 Wolpach
628 3229 794 3302 situatam
829 3253 971 3305 recuon
1006 3228 1150 3304 decima
1175 3230 1300 3302 maiori
1319 3227 1419 3304 dicte
1445 3227 1534 3302 ville
1562 3249 1653 3324 quas
1675 3225 1792 3325 preli·

370 3326 509 3400 dinatus
545 3319 743 3403 Corradus
776 3341 861 3403 tnnc
893 3324 1117 3429 possederat
1156 3326 1319 3402 dotasset
1354 3350 1554 3425 quenquam
1596 3326 1788 3424 plebanum

406 3423 504 3502 dicte
531 3425 696 3502 ecclesie
722 3431 759 3501 ir
780 3425 967 3528 Wnlpaclr
994 3427 1205 3502 retrudaris
1231 3427 1452 3525 temponbns
1477 3427 1513 3498 in
1541 3439 1625 3500 octo
1650 3423 1791 3502 Scalde

403 3525 564 3621 siliginis
580 3526 794 3602 tantumdem
815 3549 935 3603 unere
952 3529 1150 3604 minoribus
1166 3523 1320 3600 decimis
1335 3540 1371 3600 et
1384 3525 1469 3598 aliis
1486 3525 1643 3600 Jnribns
1657 3548 1794 3624 parro-

402 3621 586 3699 chialibus
623 3649 693 3724 que
721 3629 838 3700 omnia
863 3631 925 3702 vix
949 3626 995 3702 ad
1035 3650 1206 3702 snurmam
1239 3627 1367 3722 viginti
1396 3633 1539 3726 septem
1571 3623 1790 3700 florenorum

250 3814 264 3830 ,
403 3721 638 3798 nscerderirt
664 3727 747 3824 qnia
773 3723 969 3803 Corradus
1005 3729 1088 3826 ipse
1112 3726 1400 3823 Juspatronatns
1427 3725 1594 3800 ecclesie
1628 3746 1793 3824 sepeno-

333 3893 341 3905 ,
402 3823 531 3898 mirate
556 3821 679 3898 habuit
696 3829 895 3926 oportuerit
915 3849 1105 3901 remanere
1126 3835 1333 3900 contentum
1349 3835 1386 3898 et
1404 3825 1502 3922 qnod
1520 3824 1792 3923 subsequenter

401 3944 582 4022 processu
605 3928 777 4024 temporis
798 3928 946 4001 enolnto
958 3925 1243 4026 Jnspatrouatns
1262 3918 1469 3999 huiusmodi
1485 3919 1532 3998 ad
1550 3924 1789 3998 venerabiles

400 4024 504 4094 viros
532 4021 696 4100 dominos
722 4025 898 4102 decanum
926 4037 963 4102 et
977 4023 1187 4126 Capitulum
1206 4022 1374 4098 ecclesie
1395 4035 1520 4098 nostre
1535 4023 1791 4119 augustensis

402 4119 618 4196 deuenissat
667 4121 983 4226 Subiunctumqne
1008 4125 1077 4199 luit
1102 4123 1200 4224 quod
1225 4146 1364 4198 census
1397 4126 1481 4198 siue
1509 4121 1677 4197 redditus
1704 4142 1794 4222 pra·
