4209 5034
437 515 535 616 140
716 506 771 602 j·
876 607 879 612 ,
970 509 1241 616 ῌοηιυηοιῐία
1374 492 1399 642 ‘K

432 747 597 849 desuper
624 745 808 824 conlectis
831 731 977 846 plenius
1004 734 1208 822 continetur
1233 753 1270 821 et
1291 742 1446 822 babetur
1466 746 1656 845 ipsamque
1674 743 1810 819 missam

431 847 534 925 libris
568 847 687 924 calice
726 858 762 922 et
799 845 887 919 aliis
923 845 976 922 ad
1008 841 1169 920 diuinum
1205 845 1340 920 cultum
1377 844 1607 922 necessariis
1644 837 1813 919 decenter

431 944 629 1022 adornauit.
656 943 768 1021 Vnde
794 967 860 1044 pro
887 955 992 1046 parte
1019 943 1106 1020 dicti
1131 943 1307 1042 Magistri
1330 943 1512 1021 ‚lobannis
1530 941 1813 1018 Diettenbaimer

431 1047 539 1122 nobis
562 1045 631 1120 fnit
654 1043 837 1120 humiliter
851 1043 1096 1146 supplicatum
1116 1056 1155 1118 vt
1170 1045 1392 1120 institucioni
1408 1041 1624 1118 fundacioni
1644 1043 1815 1118 erectioni

433 1156 471 1222 et
503 1144 689 1220 dotacioni
731 1141 908 1246 predictis
978 1167 1017 1220 ro
1058 1143 1199 1218 illarum
1238 1144 1485 1219 subsistencia
1518 1141 1667 1218 firmiori
1709 1141 1815 1217 robur

434 1254 561 1325 nostre
587 1242 877 1320 confirmacionis
913 1169 1084 1344 adjicere
1110 1241 1339 1338 dignaremur
1371 1239 1457 1318 Nos
1492 1243 1502 1314 i
1532 1243 1603 1316 itur
1639 1241 1701 1339 qni
1726 1239 1816 1330 diui·

431 1367 515 1420 num
541 1341 676 1419 cultum
701 1345 831 1438 vigere
857 1352 894 1415 et
919 1346 1050 1442 augeri
1076 1336 1452 1417 intensisdesideriis
1475 1263 1690 1416 adnotamus
1708 1361 1817 1441 super

430 1442 624 1543 premissis
650 1443 808 1518 narratis
834 1441 1128 1518 informacionem
1144 1443 1351 1542 recepimus
1369 1439 1613 1518 sufficientem
1629 1461 1676 1516 ac
1691 1437 1816 1514 literas

434 1542 640 1620 dotacionis
667 1541 874 1618 huiusmodi
894 1540 1099 1640 diligenter
1123 1537 1282 1618 vidimus
1316 1565 1418 1640 quam
1452 1543 1559 1616 etiam
1583 1537 1727 1614 literam
1752 1536 1818 1614 do·

432 1644 589 1718 tacienis
614 1639 662 1718 ad
689 1642 868 1718 cautelam
895 1644 1125 1742 presencium
1152 1652 1189 1715 et
1213 1642 1418 1716 memoriam
1443 1639 1643 1714 futurorum
1663 1659 1818 1740 presen-

432 1743 531 1819 tibus
556 1739 712 1816 lecimns
733 1741 880 1818 annecti
906 1739 967 1816 Ex
990 1741 1122 1841 quibus
1141 1740 1361 1822 Inuenimus'
1373 1741 1492 1817 omnia
1511 1748 1548 1814 et
1568 1738 1717 1830 singna
1735 1759 1819 1837 pre·

391 1841 396 1848 ’
434 1841 549 1917 missa
580 1838 663 1914 fore
695 1839 842 1916 veritati
879 1840 1037 1916 subnixa
1064 1839 1176 1917 Vnde
1200 1861 1271 1917 nos
1295 1841 1392 1940 pium
1418 1848 1457 1916 et
1480 1841 1663 1915 sincerum
1690 1835 1820 1938 prelati

435 1937 480 2016 Μ
532 1940 612 2014 ‘stri
636 1935 817 2013 Jobanuis
844 1935 1130 2015 Diettenbuimer
1148 1943 1374 2040 propositum
1391 1949 1428 2023 et
1444 1939 1612 2017 ellectum
1628 1935 1820 2034 condignis

381 2105 383 2110 .
434 2039 474 2114 in
526 2037 642 2114 omino
668 2035 840 2112 laudibus
867 2031 1153 2114 conmendantes
1176 2062 1222 2117 sn
1249 2038 1515 2138 plioacinnibus
1534 2035 1743 2112 huiusmodi
1767 2037 1820 2108 in·

436 2135 561 2243 clienti
595 2133 868 2212 lnstitncionem
902 2131 1178 2228 tredecimam,
1219 2063 1450 2218 domnionem
1482 2153 1519 2211 et
1550 2135 1820 2214 ordinacionem

435 2233 623 2336 predictas
649 2236 834 2334 seipsam
861 2236 1006 2312 missam
1032 2247 1130 2318 ratas
1156 2250 1193 2313 et
1216 2249 1344 2338 gratas
1368 2236 1547 2318 babentes
1574 2258 1641 2312 crs
1662 2236 1820 2312 auctori·

435 2345 510 2414 tute
537 2344 662 2408 nostra
687 2335 872 2416 ordinaria
900 2333 1222 2430 confirmaremus,
1253 2337 1530 2427 ratitmnimm,
1561 2357 1609 2424 ac
1642 2357 1698 2411 ex
1724 2344 1822 2412 certe

437 2433 604 2509 sciencia
628 2434 666 2508 in
692 2431 754 2509 dei
781 2435 924 2510 nomine
941 2446 1089 2512 ,tencre
1121 2439 1355 2538 presencium
1387 2435 1638 2513 confirmamus
1664 2433 1822 2515 retifice-

438 2555 517 2608 mns
542 2543 587 2610 et.
605 2533 848 2634 approbamus
874 2535 984 2612 robur
1017 2535 1160 2612 firmum.
1189 2549 1226 2614 et
1259 2537 1460 2614 tir-itatem
1490 2537 1704 2611 cwonicam
1763 2555 1822 2608 er·

436 2633 558 2734 petuis
575 2633 798 2732 temporibus
817 2631 1066 2714 decernentes
1085 2634 1270 2713 habituras
1294 2635 1385 2712 Nec
1405 2659 1476 2713 non
1497 2657 1636 2712 census
1656 2560 1821 2708 redditus

437 2740 475 2806 et
500 2731 595 2808 boun
621 2727 717 2808 dictu
743 2734 856 2807 misse
883 2743 921 2806 vt
948 2735 1133 2832 prefertur
1159 2735 1293 2813 donata
1317 2749 1355 2812 et
1375 2737 1569 2834 assignata
1594 2757 1642 2813 ac
1659 2755 1822 2830 quecun·

436 2850 508 2929 que
532 2831 571 2904 in
587 2828 752 2946 ‘futurum
779 2826 947 2909 donanda
982 2830 1209 2931 assignanda
1242 2847 1280 2910 et
1313 2832 1524 2933 errogaude
1557 2829 1679 2924 eidem
1714 2834 1821 2908 misse

436 2949 679 3004 annexuimus
706 2929 886 3004 vniuimus
914 2942 952 3005 et
976 2933 1291 3032 incorporanimus
1311 2957 1374 3010 ,ac
1399 2937 1623 3011 annectimus
1635 2960 1652 3025 ,·
1685 2937 1821 3008 mimus

323 3049 327 3058 ’
438 3035 475 3105 et
500 3028 775 3128 incorporamus
801 3049 869 3130 per
895 3041 1091 3128 presentes
1116 3030 1249 3131 anue
1275 3035 1467 3119 eximimus
1497 3035 1544 3110 ab
1580 3032 1674 3107 omni
1711 3051 1821 3108 onere

437 3125 636 3205 cuiuslibet
660 3126 757 3202 laice
782 3128 974 3228 potestatis
1000 3127 1259 3214 Decernuntes
1299 3144 1338 3209 vt
1372 3131 1577 3211 huiusmodi
1605 3133 1721 3209 missa
1744 3154 1823 3208 eum

437 3219 585 3302 dotibus
611 3228 691 3302 suis
718 3249 765 3301 ea
791 3228 984 3302 emurritate
1026 3240 1065 3304 et
1090 3242 1216 3311 nostra
1247 3254 1292 3310 ac
1319 3231 1593 3311 successorum
1618 3243 1820 3318 nostroru-

438 3336 548 3424 atque
574 3325 833 3406 ecclesiastica
858 3323 1026 3404 libertate
1054 3341 1091 3406 et
1116 3333 1276 3408 tuicione
1302 3345 1481 3434 perpetua
1500 3329 1669 3430 gaudere
1691 3330 1821 3408 debeat

439 3449 510 3524 qua
534 3423 607 3500 aliu
634 3423 812 3502 beneficia
838 3423 1097 3506 ecclesiastiea
1128 3453 1198 3532 per
1228 3447 1392 3508 nostram
1424 3431 1603 3525 diocesim
1637 3427 1821 3530 gaudeant

438 3524 654 3624 specialiter
679 3531 716 3596 et
740 3533 918 3604 tueantur·
956 3524 1082 3628 Super
1111 3533 1200 3629 J'ure
1234 3542 1445 3633 patronatus
1483 3527 1533 3606 de
1566 3551 1751 3620 consensu
1785 3538 1821 3602 ct

437 3622 626 3697 voluntate
652 3631 777 3696 nostra
803 3626 965 3721 quoniam
993 3625 1150 3706 collacin
1176 3645 1213 3706 et
1237 3634 1401 3733 prouisio
1425 3624 1526 3706 dicte
1551 3629 1719 3706 ecclesie
1736 3650 1819 3740 par·

438 3718 612 3798 rochialis
638 3720 674 3790 iu
691 3717 979 3892 1plulienltausen
1004 3725 1053 3800 ud
1079 3751 1148 3804 uos
1174 3729 1376 3807 dinoscitur
1409 3732 1597 3829 pertinere
1630 3727 1690 3803 sic
1722 3721 1820 3802 ordr-
1863 3726 1866 3729 ’

436 3819 602 3893 nouimus
629 3825 665 3890 et
716 3822 923 3898 ecreuimus
950 3823 1047 3924 quod
1068 3827 1142 3904 Jns
1167 3827 1404 3929 presentandi
1424 3829 1600 3906 clericum
1620 3826 1670 3902 ad
1689 3817 1815 3903 dictam

436 3917 584 4032 missam
617 3911 686 4032 bac
726 3921 840 4018 prima
873 3925 956 3998 rice
994 3925 1045 4000 ad
1083 3923 1314 4027 sepedictum
1356 3927 1577 4027 Magistrum
1618 3923 1818 4016 dobanuem

319 4101 323 4112 ι
435 4009 722 4130 Dictteubmmer
745 4017 974 4100 fundatorem
1001 4023 1100 4102 dicte
1125 4029 1239 4105 misse
1272 4041 1309 4106 et
1346 4041 1478 4129 postca
1504 4026 1648 4105 duabus
1673 4025 1817 4102 vicibus

435 4133 525 4188 nese
548 4111 744 4194 numediete
769 4124 1009 4220 sequentibus
1035 4123 1083 4200 ad
1108 4130 1225 4226 ipsum
1250 4141 1314 4204 aut
1337 4150 1429 4206 snos
1444 4125 1609 4214 heredes
1628 4120 1817 4224 masculini
