4209 5034
733 596 1015 706 ‚episcopatus
1049 602 1305 715 Augustani.
1624 596 1726 683 237

332 822 601 926 presbyteros,
637 848 779 904 necnon
814 828 946 906 ducem
970 830 1188 908 Vdalrionm
1226 848 1262 911 et
1292 832 1425 910 milites
1451 842 1488 911 et
1512 836 1719 934 armigeros

332 927 649 1030 supranominatos
680 952 726 1004 ac
759 931 866 1004 etiarn
891 933 1086 1031 magistros
1113 934 1246 1008 ciuium
1272 934 1448 1009 consoles
1500 934 1720 1010 roconsules

331 1022 539 1100 aduocatos
565 1022 792 1127 capitaneos
816 1028 977 1105 iudices
1010 1029 1201 1109 Scultetos
1237 1030 1421 1109 Scabinos
1485 1036 1568 1108 ines
1594 1033 1720 1133 Inqui-

329 1122 430 1197 linos
456 1136 494 1199 et
519 1127 672 1201 maxime
697 1128 932 1229 supradictos
958 1153 1004 1207 ac
1029 1134 1146 1207 eciam
1169 1154 1295 1207 omnes
1312 1132 1406 1207 alios
1426 1146 1462 1207 et
1481 1133 1720 1231 singulariter

331 1244 405 1298 seu
430 1226 633 1299 nominatim
657 1228 827 1326 singulos
852 1226 971 1305 Ciues
1008 1242 1046 1305 et
1071 1230 1220 1305 incolas
1245 1254 1388 1306 necnon
1415 1232 1596 1307 officiales
1623 1230 1717 1308 Ser·

330 1324 483 1398 aientes
503 1320 660 1400 Scribas
686 1342 723 1401 et
741 1349 925 1427 precones
941 1326 1113 1405 ciuitatis
1131 1331 1385 1427 Augustensns
1410 1328 1580 1430 predicte
1606 1331 1721 1407 alias-

361 1444 409 1497 ne
447 1426 630 1523 personas
672 1450 909 1527 quascunque
951 1440 1021 1503 taor
1063 1430 1343 1507 ecclesiasticas
1381 1454 1486 1530 quam
1524 1428 1721 1507 seculares

332 1447 509 1599 diluistis
548 1534 587 1598 et
618 1525 873 1624 Augustensis
910 1530 1163 1628 cuiuscunque
1203 1528 1390 1628 dignitatis
1424 1539 1541 1604 status
1576 1527 1719 1703 gradus

333 1620 477 1696 ordinis
508 1626 794 1721 preemiocnicie
830 1649 900 1703 sen
939 1627 1170 1703 condicionis
1215 1632 1369 1703 existant
1411 1624 1537 1704 eidem
1603 1629 1720 1704 omino

215 1725 221 1735 ’
331 1720 544 1797 Fredcrico
569 1722 613 1796 lo
638 1721 709 1799 bac
733 1735 835 1825 parte
867 1726 1038 1802 fauentes
1074 1736 1113 1803 et
1134 1726 1376 1820 adherentes,
1404 1729 1602 1827 omnesque
1631 1748 1724 1825 que-

334 1842 480 1921 cunque
507 1845 570 1909 res
603 1834 640 1898 et
666 1824 761 1900 bona
783 1826 832 1901 ad
857 1848 1015 1903 mensam
1040 1826 1302 1928 Episcopalem
1326 1826 1605 1927 Angustenscm
1632 1848 1721 1927 per-

330 1923 485 1996 tinentia
510 1920 717 1998 detinentes
742 1928 881 2025 pariter
913 1940 950 2002 et
974 1942 1202 2027 occupantes
1228 1948 1428 2027 omnesque
1454 1926 1549 2001 alios
1576 1938 1613 2001 ct
1640 1928 1720 1999 sin·

329 2020 447 2121 gulos
486 2037 556 2095 sua
596 2026 830 2099 communiter
871 2026 935 2101 vel
979 2025 1125 2101 diuisim
1168 2027 1376 2103 Interresse
1416 2038 1590 2127 putantes
1625 2024 1725 2101 dicta

331 2124 552 2195 anctoritate
588 2122 793 2221 apostolica
837 2126 1055 2225 requirimus
1101 2136 1138 2202 et
1173 2148 1359 2203 monemus
1398 2128 1513 2227 primo
1554 2118 1723 2199 secundo

332 2222 453 2297 tercio
491 2230 528 2295 et
559 2224 803 2321 peremptorie
837 2228 966 2324 eisque
1003 2224 1230 2301 nibilominus
1264 2238 1301 2301 et
1335 2248 1460 2300 eorum
1495 2226 1645 2301 cuilibet
1678 2222 1723 2297 ln

331 2322 470 2395 virtute
486 2330 624 2395 »sancte
650 2317 870 2398 obediencie
895 2335 932 2399 et
957 2326 1027 2398 sub
1048 2326 1445 2399 excommunicacionis
1464 2324 1723 2422 suspensionis
1853 2373 1863 2388 ,

336 2431 374 2495 et
394 2418 589 2494 interdicti
613 2441 660 2497 ac
683 2424 788 2497 etiam
815 2422 1074 2497 beneficiorum
1099 2424 1436 2499 ecclesiasticorum
1461 2444 1543 2497 cum
1569 2444 1658 2495 cura
1685 2432 1722 2494 et

342 2520 418 2594 siue
443 2543 534 2594 cora
559 2523 662 2595 etiam
687 2523 721 2595 si
747 2517 945 2619 dignitates
971 2532 1190 2621 personatus
1224 2522 1286 2595 vel
1321 2520 1444 2596 officia
1469 2520 1604 2593 luerint
1629 2538 1722 2592 nec-

344 2640 414 2691 non
445 2616 638 2694 icudornm
680 2635 789 2720 atque
810 2621 993 2695 ¹bonorum
1026 2620 1208 2696 mobilium
1243 2630 1280 2695 et
1318 2618 1551 2695 immobilium
1591 2638 1662 2717 que
1700 2640 1723 2690 a
1842 2680 1845 2689 ,
1931 2672 1939 2685 .

228 2734 236 2742 ·
345 2718 529 2817 quibusnis
566 2719 744 2795 ecclesiis
768 2722 1000 2796 monasteriis
1037 2732 1075 2795 et
1114 2720 1199 2794 aliis
1233 2719 1331 2795 locis
1358 2718 1630 2795 ecclesiasticis
1656 2716 1723 2791 ob·

338 2820 448 2893 tinent
484 2820 701 2921 priuacione
732 2817 1086 2919 Inabilitacioneque
1121 2819 1169 2895 ad
1206 2820 1270 2894 illa
1304 2830 1341 2895 et
1374 2819 1506 2919 queuis
1540 2816 1614 2891 alia
1630 2844 1634 2850 ’
1651 2814 1725 2891 Im-

332 2929 522 3017 posterum
547 2916 744 2994 obtinenda
768 2919 877 3020 penis
902 2921 1108 2997 sentenciis
1135 2930 1172 2995 et
1199 2921 1305 2994 etiarn
1334 2920 1403 2995 sub
1429 2939 1526 3019 pena
1552 2910 1651 3016 quod
1676 2910 1726 2990 ad

333 3016 495 3093 consilia
519 3020 721 3121 principum
748 3033 786 3095 et
810 3022 1071 3095 communitatis
1088 3040 1387 3119 quorumcunque
1406 3040 1478 3093 rrou
1499 3015 1728 3093 admittantur

332 3117 409 3193 sed
434 3112 485 3191 ad
508 3118 716 3194 huiusmodi
734 3118 889 3196 consilia
909 3142 1051 3197 necnon
1073 3118 1271 3218 dignitates
1290 3132 1327 3194 et
1351 3117 1510 3193 bonores
1529 3116 1724 3193 seculares

329 3216 528 3292 lnbabiles
562 3227 601 3293 et
633 3217 794 3295 lniames
826 3214 1065 3295 declarentur
1103 3232 1140 3293 et
1172 3224 1385 3319 reputentur
1419 3238 1509 3315 quas
1543 3234 1661 3313 panas
1688 3224 1725 3287 et

329 3320 549 3393 sentencias
584 3312 683 3417 Ipsis
715 3331 754 3393 et
793 3340 918 3393 eorum
952 3316 1166 3419 quemlibet]
1185 3330 1293 3416 prout
1336 3338 1404 3391 eos
1435 3324 1658 3391 concernunt
1691 3313 1726 3385 si

251 3434 254 3441 ·
326 3414 518 3492 mandatis
543 3418 680 3492 nostris
705 3416 912 3494 huiusmodi
936 3418 1178 3493 Immouerios
1194 3416 1413 3517 apostolicis
1440 3435 1511 3487 non
1540 3412 1728 3513 paruerint
1859 3483 1862 3491 .

326 3515 539 3592 Incurrere
570 3518 739 3593 volumus
776 3521 861 3593 iso
900 3516 1000 3593 iacto
1033 3514 1202 3591 districte
1233 3511 1477 3616 precipiendo
1519 3510 1728 3585 mandamns

328 3626 519 3715 quatenus
549 3614 651 3692 Infra
686 3619 770 3717 quin
799 3618 892 3693 eoim
925 3616 1066 3693 dierum
1100 3616 1287 3690 terminum
1318 3622 1403 3715 post
1436 3610 1655 3687 effictionem
1690 3621 1727 3684 et

327 3714 630 3818 publicacionem
656 3718 877 3815 presentium
904 3715 947 3791 ln
972 3716 1095 3791 valnis
1129 3738 1198 3789 seu
1223 3720 1339 3815 portis
1364 3710 1611 3787 ecclesiarum
1636 3732 1724 3809 pre·

330 3814 519 3890 dictarum
544 3814 662 3891 iactas
686 3811 897 3892 immediate
921 3811 1150 3915 sequentium
1174 3838 1323 3913 quornm
1349 3809 1556 3911 quindecim
1582 3805 1725 3885 dierum

332 3916 501 4015 quinque
525 3940 592 4014 pro
618 3918 734 4017 primo
760 3918 917 4015 quinque
944 3939 1010 4018 pro
1035 3912 1203 3990 secundo
1223 3925 1260 3989 et
1279 3912 1442 4011 reliquos
1463 3912 1622 4009 quinque
1643 3908 1727 3983 dies

332 4018 401 4091 eis
424 4025 463 4089 et
488 4036 615 4089 eorum
639 4016 788 4092 cuilibet
812 4038 881 4117 pro
906 4018 1020 4092 tercio
1053 4026 1091 4090 et
1120 4014 1371 4188 peremptorio
1397 4012 1550 4086 termino
1576 4032 1623 4084 ac
1648 4033 1726 4083 mo-

333 4114 491 4190 nicione
515 4117 692 4192 canonica
715 4116 949 4215 assignamus
975 4116 1054 4217 Ipsi
1079 4116 1118 4189 vi
1146 4112 1259 4189 elioet
1283 4112 1454 4188 fauentes
1480 4124 1518 4185 et
1539 4107 1727 4183 adheren-

333 4222 402 4288 tes
427 4218 710 4321 supranominati
735 4238 781 4292 ac
806 4218 1013 4315 quicunqne
1037 4214 1102 4289 alii
1127 4214 1173 4290 ab
1198 4210 1420 4289 Inordinatis
1439 4207 1562 4295 eidem
1582 4206 1729 4282 domino
