4209 5034
236 4016 245 4021 ,
368 3910 725 4031 ῥοὴίε,τοοθροῐίῐῑε
749 3924 794 4001 ln
819 3922 1010 4001 mandetis.
1035 3920 1146 4017 Quod
1171 3924 1207 4000 si
1229 3917 1363 4025 preiuti

769 480 1054 591 episcopatus¹
1068 484 1329 603 Augustani.
1400 452 1404 459 ’
1489 410 1494 419 ¹
1551 615 1563 630 ἱ
1668 457 1780 581 2417Κ

375 711 666 795 monitoriutibns
699 711 818 823 literis
857 716 1049 819 expressis
1117 716 1348 797 ublicsndunr
1390 716 1438 797 od
1469 720 1543 801 hoc
1578 746 1650 825 per
1680 724 1768 808 Nos

376 814 512 895 electis
550 826 588 893 et
621 813 807 919 deputatis
841 838 888 893 eo
923 816 1023 918 quo‘d
1061 740 1114 894 ud
1141 820 1245 923 ipsos
1278 822 1433 899 monitos
1459 836 1497 899 et
1521 819 1766 905 denuncistos

374 908 611 1019 supradictos
637 941 705 1019 pro
737 919 964 1017 presentium
997 924 1231 998 execuoione
1265 918 1428 1023 legitime
1460 920 1635 1001 t'eeiendo
1667 936 1767 1005 tutus

373 1042 449 1095 non
473 1026 575 1117 potet
598 1040 802 1111 accessus,
825 1018 933 1096 robis
958 1019 1145 1097 uniuersis
1179 1034 1224 1099 et
1249 1022 1411 1121 singuiis
1437 1020 1643 1107 Intimenrus
1669 1031 1765 1106 noti·

372 1117 528 1196 ficamus
553 1118 786 1195 insinuemus
817 1142 863 1195 eo
896 1116 944 1194 nd
969 1126 1129 1197 vestrum
1165 1120 1363 1199 constitet
1396 1134 1560 1201 vestrum
1596 1126 1766 1203 noticionr

374 1216 596 1295 deducimus
622 1230 661 1295 et
685 1215 824 1295 deduci
848 1216 1020 1295 volumus
1041 1239 1112 1323 per
1129 1228 1340 1323 presentes,
1365 1222 1525 1325 Vosque
1550 1234 1765 1305 etvestrnru

374 1318 561 1421 quenlibet
593 1327 631 1394 et
690 1320 858 1395 resertim
892 1318 1174 1397 ecclesiasticos
1206 1342 1390 1423 personas
1422 1326 1641 1402 auctoritate
1672 1350 1764 1428 apo-

372 1419 511 1495 stnticu
533 1443 650 1523 supro
676 1420 749 1495 icta
783 1442 827 1495 re
852 1420 1003 1495 uirinrus
1034 1430 1074 1497 ct
1105 1443 1291 1499 monemus
1326 1446 1371 1499 ec
1405 1424 1475 1503 suh
1508 1422 1763 1527 Intrascriptis

371 1520 647 1596 sentenciarun
681 1517 790 1622 penis
828 1446 1002 1595 districte
1039 1518 1289 1625 precipiendo
1329 1520 1540 1599 mandamus
1583 1536 1762 1619 quatenus

371 1621 470 1696 risis
496 1618 734 1723 presentibus
760 1629 797 1695 et
821 1630 1012 1723 postquem
1047 1644 1115 1723 pro
1140 1630 1245 1725 parte
1265 1616 1361 1698 'dicti
1388 1621 1522 1697 domini
1547 1620 1671 1701 Electi
1697 1650 1765 1703 su·
1904 1666 1912 1681 ·

397 1744 442 1797 er
466 1717 539 1797 troc
565 1719 710 1797 fueritis
735 1722 903 1821 requisiti
927 1730 989 1797 out
1014 1718 1110 1797 ulter
1125 1732 1290 1798 restrum
1309 1720 1420 1799 inerit
1445 1724 1654 1823 requisitus(
1671 1747 1761 1826 pre·

369 1746 508 1899 doctos
535 1818 715 1897 dominnm
741 1818 986 1898 Fredericnrn
1022 1832 1059 1897 et
1094 1842 1275 1923 personas
1310 1824 1592 1901 ecclesiasticus
1629 1836 1665 1901 et
1698 1846 1765 1901 se·

371 1920 524 1998 coleres
550 1918 671 1997 eidem
697 1918 842 1997 donnino
867 1920 1077 1998 Frederico
1111 1919 1282 1999 iauerrtes
1316 1934 1353 1999 et
1378 1919 1604 1999 adherentes
1629 1926 1667 2001 in
1693 1923 1779 2001 huo·

367 2032 477 2125 porte
495 2043 642 2098 necnon
665 2042 730 2097 res
750 2032 787 2097 et
807 2018 906 2099 bone
926 2018 975 2095 ed
992 2042 1152 2098 mensem
1167 2018 1432 2127 Episcopulenr
1452 2022 1672 2125 pertinentia
1694 2022 1764 2099 de·

368 2125 535 2199 tinentes
567 2130 606 2198 et
638 2131 865 2223 occupantes
900 2120 1071 2225 aliosque
1108 2144 1236 2199 onnes
1269 2134 1306 2199 ct
1330 2122 1500 2223 singulos
1526 2120 1762 2241 supradictos

258 2258 286 2289 ν
369 2224 553 2299 cuiuscun
578 2245 627 2298 ue
654 2217 846 2323 dignitatis
871 2230 989 2297 status
1014 2216 1158 2323 gradus
1192 2220 1331 2299 ordinis
1365 2232 1404 2299 et
1440 2221 1667 2301 condicionis
1693 2226 1765 2300 sint
1909 2226 1911 2230 ’

368 2336 406 2403 et
431 2246 651 2425 speciuitter
673 2344 789 2423 supro
814 2320 1018 2399 nominatim
1044 2320 1260 2424 descriptos
1278 2342 1348 2426 per
1373 2320 1459 2399 Nos
1485 2336 1525 2397 vt
1576 2324 1763 2399 remittitur

373 2424 719 2505 excommunicatos,
745 2420 989 2524 Ipsornmque
1015 2414 1190 2523 capitulo
1227 2432 1265 2498 et
1302 2420 1462 2522 collegis
1487 2444 1510 2496 u
1536 2348 1671 2497 diuinis
1697 2446 1764 2496 sn-

377 2515 1764 2719 :tteindidistiitititttdttrtttrtfzteutttir

375 2734 414 2799 et
438 2722 638 2801 officiorum
665 2747 688 2797 e
712 2720 855 2799 Juriurn
878 2720 980 2821 Ipsis
996 2721 1283 2820 competenciun
1295 2644 1354 2797 gIn
1376 2714 1528 2813 eisdem,
1554 2716 1761 2798 Seculares

371 2844 463 2900 vero
488 2818 682 2901 feudorum
708 2824 862 2899 omnium
886 2822 1136 2922 bonorumque
1161 2820 1342 2897 mobilium
1369 2830 1406 2897 et
1425 2818 1662 2897 Immobiiiunr
1689 2842 1760 2921 que

365 2943 392 2999 n
414 2924 610 3025 quibusuis
635 2922 815 3003 ecelesiis
838 2923 1071 3000 moruusteriis
1097 2932 1135 2998 et
1159 2920 1246 2997 eliis
1270 2920 1368 2998 locist
1393 2918 1667 2999 ecciesiasticis
1692 2920 1762 2997 ob-

364 3028 486 3101 tinent
510 3024 734 3126 priuucionis
760 3032 797 3101 et
822 3020 1110 3101 Iuebititocionis
1162 3044 1253 3099 enas
1277 3018 1510 3111 indicidisse‚
1535 3042 1582 3095 ec
1607 3014 1760 3097 eusdem

365 3147 441 3228 per
464 3122 552 3201 Nos
575 3124 740 3229 priuatos
774 3133 812 3200 et
843 3119 1072 3200 lnebttitetss
1104 3046 1158 3198 sd
1186 3144 1306 3221 euque
1343 3130 1379 3198 et
1412 3120 1485 3197 otiu
1518 3121 1651 3239 quouis
1684 3118 1759 3195 Inr-

364 3234 560 3329 posterum
586 3218 783 3303 obtinenda
806 3220 991 3301 inhabites
1026 3234 1065 3299 et
1098 3220 1198 3325 qnod
1227 3216 1276 3297 ad
1310 3216 1468 3298 consilis
1492 3222 1610 3321 princi
1639 3244 1696 3295 unr
1723 3230 1760 3295 et

369 3327 659 3405 communitatum
672 3346 969 3426 quoruncuuqne
994 3344 1068 3399 uon
1093 3318 1231 3399 odnitti
1262 3318 1333 3397 sed
1359 3318 1408 3397 ed
1433 3244 1639 3395 huiusmodi
1669 3342 1759 3395 con·

367 3424 461 3505 silio
485 3448 626 3505 necnon
653 3422 849 3527 dignitates
874 3435 912 3500 et
935 3420 1098 3499 honores
1123 3422 1318 3499 seculares
1341 3418 1499 3495 infames
1518 3428 1555 3493 et
1572 3416 1762 3496 luhubiles

367 3526 535 3629 reputari
560 3524 719 3602 debeant
737 3520 915 3625 'Singulis
939 3516 1074 3602 diebus
1100 3518 1291 3599 dominicis
1317 3532 1354 3595 et
1379 3516 1529 3595 festinis
1554 3516 1599 3595 In
1619 3520 1759 3596 vestris

369 3624 550 3705 ecclesiis
574 3624 807 3703 monasteriis
845 3631 883 3701 et
917 3621 1074 3729 capeliis
1107 3622 1265 3800 aliisque
1291 3620 1388 3696 locis
1413 3612 1463 3695 de
1513 3616 1622 3695 nibus
1646 3618 1760 3695 suerit

366 3726 490 3813 ,risun
516 3724 699 3830 expedire
723 3724 874 3828 publice
899 3724 1086 3800 nuncietis
1111 3732 1149 3800 et
1173 3744 1197 3799 a
1246 3718 1331 3797 ultis
1351 3720 1461 3797 nunci
1536 3740 1582 3795 ec
1605 3731 1646 3795 vt
1663 3719 1759 3797 teies

369 3827 417 3907 ab
443 3826 610 3905 omnibus
640 3826 766 3903 arcius
798 3825 930 3903 euitsri
961 3822 1109 3901 iacietis
1141 3820 1277 3899 ondin
1310 3829 1349 3896 et
1381 3838 1572 3993 quousque
1606 3818 1757 3896 annus

1414 3918 1601 3999 enunciant
1626 3917 1758 4005 huius·
1839 3946 1845 3953 ·

366 4024 468 4129 modi
495 4026 821 4129 denunciccionern
856 4048 926 4104 non
961 4026 1172 4103 cnmnerint
1203 4034 1242 4100 et
1274 4016 1428 4129 eandem
1459 4038 1639 4141 perascx
1671 4014 1756 4100 dies

371 4140 456 4232 post
480 4124 774 4230 pubiicecionen
805 4136 844 4203 et
875 4121 1098 4204 effictionem
1133 4124 1358 4227 presentium
1382 4119 1620 4224 pertrncciter
1644 4120 1762 4196 susti·
