4209 5034
405 522 509 613 410
965 520 1238 626 Monumcnta
1296 586 1303 607 ι

413 753 548 831 babeat
571 726 804 855 paucissimis
829 744 1035 829 redditibus
1059 746 1111 827 ad
1133 748 1203 827 bas
1225 745 1497 851 supportandos
1515 748 1658 825 minim
1682 745 1790 825 suffi-

413 854 595 931 cientibus
623 836 780 927 dotntum
804 861 954 950 propter
978 846 1077 951 qnod
1107 850 1271 949 agistri
1295 861 1334 925 ct
1356 858 1524 925 rectores
1554 847 1656 923 illius
1679 848 1791 924 cuius

412 951 555 1029 tructus
571 950 736 1027 redditus
755 960 792 1023 ct
807 960 1009 1049 prouentus
1024 963 1063 1026 ut
1076 952 1255 1027 asseritur
1268 950 1333 1025 rix
1351 945 1401 1023 ad
1415 947 1579 1023 valorem
1593 944 1790 1023 duodecin
1903 954 1910 967 “

412 1075 609 1128 marearum
634 1050 777 1147 argenti
801 1047 1003 1125 secundum
1036 1070 1256 1126 commouent
1289 1048 1561 1125 extimacionem
1583 1045 1791 1125 &cendunt

414 1174 530 1227 onera
553 1172 622 1251 pro
646 1147 860 1228 intirmorum
883 1149 1168 1227 necessitatibus
1191 1147 1278 1224 inibi
1300 1148 1536 1226 existentium
1550 1160 1699 1253 portare
1717 1168 1791 1227 nott

413 1250 582 1325 valentes
613 1251 732 1365 ipsum
768 1245 950 1366 bospitnle
985 1246 1201 1347 quandoque
1235 1245 1370 1363 debitis
1399 1245 1567 1363 pluribus
1598 1243 1791 1364 inuolpere

296 1379 309 1385 ’
413 1362 499 1423 ”“’“
531 1342 1024 1523 ⁰⁰⁸⁰²¹itllnd¹¹⁰bnl¹ll
1058 1344 1555 1522 ‘bttttlttttbtt
1583 1340 1792 1519 ltttttt

411 1460 678 1664 bllbtbbstbbburb
720 1470 1136 1663 sanctimontnltnnpbf
1157 1542 1436 1663 weycheuberg
1468 1538 1621 1660 Ordinis
1660 1540 1791 1619 Sancti

411 1636 1790 1917 puttaittrinitate:tazattnbtatntt

440 1850 513 1917 reta
546 1840 696 1937 Regula
734 1834 876 1938 degere
914 1840 1155 1941 pluribusque
1178 1840 1416 1943 ,temporibus
1454 1850 1548 1916 acus
1587 1834 1685 1914 adeo
1720 1858 1789 1938 per

224 1934 230 1939 ’
375 2016 377 2021 ,
411 1940 647 2015 Abbatissam
661 1938 744 2013 siue
762 1940 966 2035 magistram
981 1962 1027 2015 ac
1042 1940 1218 2016 moniales
1233 1948 1392 2039 protunc·
1402 1940 1440 2013 in
1455 1937 1586 2019 eodem
1605 1936 1789 2035 degentes

412 2034 546 2113 debitis
569 2035 768 2115 inuolutum
792 2035 912 2113 fnisse
938 2037 1205 2120 dinoscebatur,
1231 2050 1270 2113 vt
1294 2038 1360 2111 uix
1386 2036 1600 2113 monialibus
1633 2036 1727 2136 ipsis
1752 2034 1789 2107 in

412 2139 632 2213 monasterio
654 2134 797 2234 prefato
823 2136 1103 2231 remanentibus,
1125 2131 1231 2214 Idem
1247 2138 1500 2212 monasterinm
1515 2137 1551 2209 in
1566 2129 1789 2209 soisreddi-
1868 2218 1873 2224 ,

413 2235 511 2311 tibus
543 2248 580 2310 et
614 2234 851 2335 prouentibns
885 2234 1025 2311 saluum
1084 2236 1263 2312 crsistere
1313 2236 1486 2324 cluisset,
1524 2233 1789 2309 lllonasterium

413 2332 617 2409 huiusmodi
645 2355 782 2409 uacans
824 2356 866 2408 er
883 2334 1016 2409 obituro
1073 2335 1213 2433 agistre
1234 2259 1615 2425 eobanctimopiattum
1637 2332 1789 2407 omniu·

412 2432 577 2508 eiusdem
603 2456 683 2508 onnn
708 2357 870 2507 ominibus
893 2432 1047 2507 Jnribus
1073 2449 1111 2509 et
1134 2432 1363 2533 pertiuentiis
1388 2434 1468 2506 suis
1493 2430 1593 2507 dicto
1618 2428 1789 2531 hospitali

411 2534 624 2607 auctoritate
650 2554 719 2604 sua
744 2526 928 2606 ordinaria
951 2529 1071 2607 libere
1096 2543 1178 2607 ets
1205 2543 1291 2606 onte
1314 2554 1382 2631 pro
1408 2554 1477 2605 usu
1511 2530 1728 2605 infirmorum
1753 2541 1791 2603 et

412 2654 610 2731 pauperum
636 2628 724 2705 dicti
750 2626 941 2729 hospitalis
964 2642 1144 2731 perpetue
1175 2556 1391 2705 donacionis
1413 2628 1532 2729 tytulo
1566 2628 1715 2704 donauit
1746 2649 1791 2702 ao

413 2728 643 2818 contradidit,
670 2724 765 2803 Cum
790 2742 908 2805 autem
932 2729 1026 2802 sicut
1042 2722 1173 2805 eadem
1191 2729 1329 2828 peticio
1349 2728 1593 2828 subiungebat
1609 2726 1791 2803 dubitatur

411 2850 436 2901 a
461 2826 644 2900 nonnullis
670 2824 801 2901 dictam
827 2824 1062 2900 donacionem
1095 2836 1133 2901 et
1157 2826 1385 2903 traditionem
1416 2828 1474 2905 sic
1506 2841 1545 2903 ut
1579 2828 1791 2929 premittitur

410 2922 531 3004 taces
556 2924 697 2997 viribus
723 2947 795 2997 non
819 2924 1042 3016 subsistere,
1081 2924 1207 3016 Quare
1232 2925 1301 3002 tuit
1337 2926 1444 3001 nobis
1476 2950 1543 3028 pro
1574 2938 1678 3027 parte
1702 2925 1790 3001 dicti

414 3022 546 3098 domini
573 3022 676 3096 Petri
702 3020 880 3122 Episcopi
907 3046 952 3097 ac
976 3036 1158 3099 rectorum
1182 3025 1266 3099 siue
1300 3022 1791 3127 procuratorum-hospitalis

412 3120 569 3221 predicti
586 3119 767 3196 humiliter
780 3120 1034 3223 supplicatum,
1059 3122 1251 3215 Quatenus
1270 3122 1497 3201 donationem
1513 3137 1551 3201 et
1564 3119 1791 3199 traditionem

411 3219 599 3321 predictas
635 3219 866 3311 confirmare,
906 3244 952 3297 ac
977 3224 1193 3298 auctoritate
1227 3222 1434 3320 legacionis
1458 3238 1583 3299 nostre
1614 3222 1664 3299 de
1695 3244 1791 3297 nouo

411 3320 544 3397 dictum
570 3322 824 3395 monasterium
848 3320 921 3421 ipsi
947 3317 1118 3419 hospitali
1144 3323 1249 3399 unire
1274 3336 1474 3419 annectere
1500 3334 1538 3397 et
1554 3326 1793 3415 incorporare

410 3418 655 3521 dignarentur.
680 3416 764 3494 Nos
779 3420 901 3518 itaque
918 3419 1165 3520 peticionibus
1178 3417 1384 3497 huiusmodi
1401 3422 1562 3497 inclinati
1574 3422 1792 3498 auctoritate

409 3518 616 3617 legacionis
640 3528 765 3593 nostre
791 3518 1068 3617 coniungimur
1100 3518 1339 3597 donacionem
1372 3534 1410 3598 ct
1433 3520 1671 3596 tradicionem
1706 3543 1792 3621 pre-

409 3619 544 3693 missas
569 3618 626 3692 sic
650 3629 690 3691 nt
705 3614 888 3716 prefertur
903 3616 1022 3694 factas
1040 3641 1090 3693 ex
1113 3632 1215 3695 certa
1231 3632 1356 3696 nostra
1370 3621 1527 3697 scicntia
1542 3618 1794 3696 confirmamus

410 3711 602 3790 laudamus
619 3728 694 3790 eta
721 3716 925 3814 probamus,
951 3742 996 3794 ac
1020 3720 1138 3819 ipsum
1162 3722 1418 3795 monasterium
1440 3744 1518 3795 cnm
1532 3720 1688 3795 Jnribns
1705 3741 1794 3818 per-

409 3815 581 3889 tinenciis
619 3739 823 3889 redditibus
859 3819 1099 3917 prouentibus
1132 3830 1171 3894 et
1219 3819 1459 3897 emolimentis
1503 3820 1792 3920 quibuscunque.

409 3906 532 3988 Cuius
559 3912 702 4010 quidemr
729 3916 1098 3992 monastedirlrnctus
1132 3916 1300 3994 redditus
1325 3929 1362 3994 et
1386 3934 1586 4023 prouentus
1611 3928 1651 3993 ot
1674 3920 1794 3992 eciam

410 4012 591 4109 asseritur
616 4010 792 4087 Sedecim
819 4013 1028 4089 lllarcarnnr
1052 4020 1197 4114 argenti
1232 4016 1333 4095 dicta
1358 4020 1599 4096 extimacione
1631 4017 1795 4093 valerent

410 4134 563 4187 aunuum
596 4134 666 4187 non
700 4111 905 4207 excedunt,
943 4114 1016 4217 ipsi
1053 4111 1225 4217 hospitali
1260 4116 1391 4194 Sancti
1424 4113 1582 4220 'spiritus
1612 4130 1794 4219 perpetuo
