<?xml version="1.0" encoding="UTF-8"?>
<!DOCTYPE html PUBLIC "-//W3C//DTD XHTML 1.0 Transitional//EN"
    "http://www.w3.org/TR/xhtml1/DTD/xhtml1-transitional.dtd">
<html xmlns="http://www.w3.org/1999/xhtml" xml:lang="en" lang="en">
 <head>
  <title>
</title>
<meta http-equiv="Content-Type" content="text/html;charset=utf-8" />
  <meta name='ocr-system' content='tesseract 3.04.00' />
  <meta name='ocr-capabilities' content='ocr_page ocr_carea ocr_par ocr_line ocrx_word'/>
</head>
<body>
  <div class='ocr_page' id='page_1' title='image "./monumentaboicae20landgoog_0447.png"; bbox 0 0 4209 5034; ppageno 0'>
   <div class='ocr_carea' id='block_1_1' title="bbox 957 917 1323 1023">
    <p class='ocr_par' dir='ltr' id='par_1_1' title="bbox 957 917 1323 1023">
     <span class='ocr_line' id='line_1_1' title="bbox 957 917 1323 1023; baseline -0.011 -2"><span class='ocrx_word' id='word_1_1' title='bbox 957 926 1204 1023; x_wconf 73' lang='lat' dir='ltr'>CLXXVI.</span> <span class='ocrx_word' id='word_1_2' title='bbox 1319 917 1323 925; x_wconf 77' lang='grc'>’</span> 
     </span>
    </p>
   </div>
   <div class='ocr_carea' id='block_1_2' title="bbox 754 1162 1409 1269">
    <p class='ocr_par' dir='ltr' id='par_1_2' title="bbox 754 1162 1409 1269">
     <span class='ocr_line' id='line_1_2' title="bbox 754 1162 1409 1269; baseline -0.012 -38"><span class='ocrx_word' id='word_1_3' title='bbox 754 1168 843 1231; x_wconf 76' lang='lat' dir='ltr'><strong>amo</strong></span> <span class='ocrx_word' id='word_1_4' title='bbox 856 1162 959 1269; x_wconf 21' lang='lat' dir='ltr'><strong>farm.</strong></span> <span class='ocrx_word' id='word_1_5' title='bbox 998 1168 1052 1231; x_wconf 80' lang='lat' dir='ltr'><strong>aa.</strong></span> <span class='ocrx_word' id='word_1_6' title='bbox 1073 1168 1221 1245; x_wconf 63' lang='lat' dir='ltr'><strong>augus</strong></span> <span class='ocrx_word' id='word_1_7' title='bbox 1256 1162 1409 1230; x_wconf 74' lang='lat' dir='ltr'><strong>annui.</strong></span> 
     </span>
    </p>
   </div>
   <div class='ocr_carea' id='block_1_3' title="bbox 333 1330 1784 1615">
    <p class='ocr_par' dir='ltr' id='par_1_3' title="bbox 333 1330 1784 1615">
     <span class='ocr_line' id='line_1_3' title="bbox 333 1330 1784 1493; baseline -0.01 -17"><span class='ocrx_word' id='word_1_8' title='bbox 333 1330 336 1343; x_wconf 25' lang='grc' dir='ltr'><strong><em>ι</em></strong></span> <span class='ocrx_word' id='word_1_9' title='bbox 388 1386 603 1477; x_wconf 85' lang='lat' dir='ltr'><strong>Nicotaus</strong></span> <span class='ocrx_word' id='word_1_10' title='bbox 641 1350 768 1493; x_wconf 52' lang='lat' dir='ltr'><strong>papax</strong></span> <span class='ocrx_word' id='word_1_11' title='bbox 798 1382 953 1468; x_wconf 84' lang='lat' dir='ltr'><strong>clerico</strong></span> <span class='ocrx_word' id='word_1_12' title='bbox 999 1382 1148 1471; x_wconf 86' lang='lat' dir='ltr'><strong>Uirico</strong></span> <span class='ocrx_word' id='word_1_13' title='bbox 1198 1377 1481 1473; x_wconf 87' lang='lat' dir='ltr'><strong>Wondcrlich</strong></span> <span class='ocrx_word' id='word_1_14' title='bbox 1528 1372 1784 1493; x_wconf 77' lang='lat' dir='ltr'><strong>beneficium</strong></span> 
     </span>
     <span class='ocr_line' id='line_1_4' title="bbox 422 1493 1745 1615; baseline -0.008 -25"><span class='ocrx_word' id='word_1_15' title='bbox 422 1504 705 1615; x_wconf 89' lang='lat' dir='ltr'><strong>primissariae</strong></span> <span class='ocrx_word' id='word_1_16' title='bbox 726 1500 1002 1612; x_wconf 78' lang='lat' dir='ltr'><strong>parrochialis</strong></span> <span class='ocrx_word' id='word_1_17' title='bbox 1030 1501 1238 1587; x_wconf 88' lang='lat' dir='ltr'><strong>ecclesiae</strong></span> <span class='ocrx_word' id='word_1_18' title='bbox 1266 1502 1312 1584; x_wconf 91' lang='lat' dir='ltr'><strong>iu</strong></span> <span class='ocrx_word' id='word_1_19' title='bbox 1330 1494 1535 1587; x_wconf 85' lang='lat' dir='ltr'><strong>Sumbrun</strong></span> <span class='ocrx_word' id='word_1_20' title='bbox 1566 1493 1745 1605; x_wconf 80' lang='lat' dir='ltr'><strong>confert.</strong></span> 
     </span>
    </p>
   </div>
   <div class='ocr_carea' id='block_1_4' title="bbox 390 1693 1779 1952">
    <p class='ocr_par' dir='ltr' id='par_1_4' title="bbox 390 1693 1779 1952">
     <span class='ocr_line' id='line_1_5' title="bbox 493 1693 1779 1925; baseline -0.002 -97"><span class='ocrx_word' id='word_1_21' title='bbox 493 1750 681 1829; x_wconf 89' lang='lat' dir='ltr'><strong>Nicolaus</strong></span> <span class='ocrx_word' id='word_1_22' title='bbox 722 1752 927 1925; x_wconf 59' lang='lat' dir='ltr'><strong>episcopus</strong></span> <span class='ocrx_word' id='word_1_23' title='bbox 967 1746 1115 1829; x_wconf 84' lang='lat' dir='ltr'><strong>Seruus</strong></span> <span class='ocrx_word' id='word_1_24' title='bbox 1155 1748 1361 1829; x_wconf 75' lang='lat' dir='ltr'><strong>Seruatum</strong></span> <span class='ocrx_word' id='word_1_25' title='bbox 1397 1746 1474 1825; x_wconf 85' lang='lat' dir='ltr'><strong>Dei</strong></span> <span class='ocrx_word' id='word_1_26' title='bbox 1509 1744 1662 1825; x_wconf 86' lang='lat' dir='ltr'><strong>Dilecto</strong></span> <span class='ocrx_word' id='word_1_27' title='bbox 1699 1693 1779 1825; x_wconf 75' lang='lat' dir='ltr'><strong>nli·</strong></span> 
     </span>
     <span class='ocr_line' id='line_1_6' title="bbox 390 1847 1778 1952; baseline -0.004 -23"><span class='ocrx_word' id='word_1_28' title='bbox 390 1850 527 1929; x_wconf 84' lang='lat' dir='ltr'><strong>Virico</strong></span> <span class='ocrx_word' id='word_1_29' title='bbox 571 1849 748 1927; x_wconf 89' lang='lat' dir='ltr'><strong>Wunder</strong></span> <span class='ocrx_word' id='word_1_30' title='bbox 763 1848 824 1927; x_wconf 89' lang='lat' dir='ltr'><strong>ich</strong></span> <span class='ocrx_word' id='word_1_31' title='bbox 872 1850 1012 1927; x_wconf 90' lang='lat' dir='ltr'><strong>clerico</strong></span> <span class='ocrx_word' id='word_1_32' title='bbox 1054 1862 1235 1952; x_wconf 89' lang='lat' dir='ltr'><strong>perpetuo</strong></span> <span class='ocrx_word' id='word_1_33' title='bbox 1278 1848 1497 1927; x_wconf 80' lang='lat' dir='ltr'><strong>beneficiato</strong></span> <span class='ocrx_word' id='word_1_34' title='bbox 1532 1847 1778 1924; x_wconf 85' lang='lat' dir='ltr'><strong>Promissario</strong></span> 
     </span>
    </p>
   </div>
   <div class='ocr_carea' id='block_1_5' title="bbox 230 1944 1781 2149">
    <p class='ocr_par' dir='ltr' id='par_1_5' title="bbox 230 1944 1781 2149">
     <span class='ocr_line' id='line_1_7' title="bbox 230 1944 1781 2066; baseline -0.008 -31"><span class='ocrx_word' id='word_1_35' title='bbox 230 1984 237 2062; x_wconf 72' lang='lat' dir='ltr'><strong>j</strong></span> <span class='ocrx_word' id='word_1_36' title='bbox 351 1944 355 1953; x_wconf 76' lang='grc'><em>’</em></span> <span class='ocrx_word' id='word_1_37' title='bbox 389 1958 602 2052; x_wconf 88' lang='lat' dir='ltr'><strong>nuncupato</strong></span> <span class='ocrx_word' id='word_1_38' title='bbox 628 1954 662 2065; x_wconf 85' lang='lat' dir='ltr'><strong>in</strong></span> <span class='ocrx_word' id='word_1_39' title='bbox 689 1948 911 2051; x_wconf 80' lang='lat' dir='ltr'><strong>parrochiali</strong></span> <span class='ocrx_word' id='word_1_40' title='bbox 943 1948 1108 2025; x_wconf 84' lang='lat' dir='ltr'><strong>ecclesia</strong></span> <span class='ocrx_word' id='word_1_41' title='bbox 1138 1951 1177 2023; x_wconf 92' lang='lat' dir='ltr'><strong>iu</strong></span> <span class='ocrx_word' id='word_1_42' title='bbox 1208 1948 1384 2066; x_wconf 78' lang='lat' dir='ltr'><strong>Suobrun</strong></span> <span class='ocrx_word' id='word_1_43' title='bbox 1408 1950 1446 2023; x_wconf 82' lang='lat' dir='ltr'>A</span> <span class='ocrx_word' id='word_1_44' title='bbox 1546 1950 1665 2065; x_wconf 79' lang='lat' dir='ltr'><strong>tensis</strong></span> <span class='ocrx_word' id='word_1_45' title='bbox 1695 1945 1781 2023; x_wconf 88' lang='lat' dir='ltr'><strong>dio·</strong></span> 
     </span>
     <span class='ocr_line' id='line_1_8' title="bbox 389 2044 1780 2149; baseline -0.019 -19"><span class='ocrx_word' id='word_1_46' title='bbox 389 2050 495 2129; x_wconf 86' lang='lat' dir='ltr'><strong>cesis</strong></span> <span class='ocrx_word' id='word_1_47' title='bbox 533 2048 704 2125; x_wconf 79' lang='lat' dir='ltr'><strong>familiari</strong></span> <span class='ocrx_word' id='word_1_48' title='bbox 748 2058 875 2125; x_wconf 89' lang='lat' dir='ltr'><strong>nostro</strong></span> <span class='ocrx_word' id='word_1_49' title='bbox 912 2046 1080 2127; x_wconf 82' lang='lat' dir='ltr'><strong>Salutem</strong></span> <span class='ocrx_word' id='word_1_50' title='bbox 1121 2058 1160 2123; x_wconf 90' lang='lat' dir='ltr'><strong>at</strong></span> <span class='ocrx_word' id='word_1_51' title='bbox 1199 2048 1438 2149; x_wconf 76' lang='lat' dir='ltr'><strong>apostolicam</strong></span> <span class='ocrx_word' id='word_1_52' title='bbox 1500 2044 1780 2123; x_wconf 60' lang='lat' dir='ltr'><strong>enahofionffi,</strong></span> 
     </span>
    </p>
   </div>
   <div class='ocr_carea' id='block_1_6' title="bbox 392 2144 1782 2621">
    <p class='ocr_par' dir='ltr' id='par_1_6' title="bbox 392 2144 1782 2621">
     <span class='ocr_line' id='line_1_9' title="bbox 392 2144 1781 2246; baseline -0.002 -21"><span class='ocrx_word' id='word_1_53' title='bbox 392 2148 510 2225; x_wconf 83' lang='lat' dir='ltr'><strong>Grata</strong></span> <span class='ocrx_word' id='word_1_54' title='bbox 534 2148 786 2225; x_wconf 74' lang='lat' dir='ltr'><strong>familiaritatis</strong></span> <span class='ocrx_word' id='word_1_55' title='bbox 812 2148 994 2246; x_wconf 82' lang='lat' dir='ltr'><strong>obsequia</strong></span> <span class='ocrx_word' id='word_1_56' title='bbox 1050 2168 1099 2222; x_wconf 88' lang='lat' dir='ltr'><strong>ue</strong></span> <span class='ocrx_word' id='word_1_57' title='bbox 1131 2146 1238 2223; x_wconf 90' lang='lat' dir='ltr'><strong>nobis</strong></span> <span class='ocrx_word' id='word_1_58' title='bbox 1262 2147 1444 2225; x_wconf 82' lang='lat' dir='ltr'><strong>haetenus</strong></span> <span class='ocrx_word' id='word_1_59' title='bbox 1477 2144 1707 2246; x_wconf 75' lang='lat' dir='ltr'><strong>impendisti,</strong></span> <span class='ocrx_word' id='word_1_60' title='bbox 1740 2155 1781 2222; x_wconf 88' lang='lat' dir='ltr'><strong>ot</strong></span> 
     </span>
     <span class='ocr_line' id='line_1_10' title="bbox 392 2170 1782 2346; baseline -0.003 -19"><span class='ocrx_word' id='word_1_61' title='bbox 392 2246 516 2327; x_wconf 86' lang='lat' dir='ltr'><strong>adhuc</strong></span> <span class='ocrx_word' id='word_1_62' title='bbox 550 2246 706 2327; x_wconf 81' lang='lat' dir='ltr'><strong>solicitis</strong></span> <span class='ocrx_word' id='word_1_63' title='bbox 740 2245 873 2323; x_wconf 89' lang='lat' dir='ltr'><strong>studiis</strong></span> <span class='ocrx_word' id='word_1_64' title='bbox 906 2170 1120 2346; x_wconf 67' lang='lat' dir='ltr'><strong>impendere</strong></span> <span class='ocrx_word' id='word_1_65' title='bbox 1153 2268 1226 2322; x_wconf 92' lang='lat' dir='ltr'><strong>uon</strong></span> <span class='ocrx_word' id='word_1_66' title='bbox 1259 2246 1414 2323; x_wconf 87' lang='lat' dir='ltr'><strong>desistis</strong></span> <span class='ocrx_word' id='word_1_67' title='bbox 1443 2266 1588 2321; x_wconf 90' lang='lat' dir='ltr'><strong>necnon</strong></span> <span class='ocrx_word' id='word_1_68' title='bbox 1623 2246 1700 2321; x_wconf 85' lang='lat' dir='ltr'><strong>nito</strong></span> <span class='ocrx_word' id='word_1_69' title='bbox 1730 2264 1782 2323; x_wconf 75' lang='lat' dir='ltr'><strong>ao</strong></span> 
     </span>
     <span class='ocr_line' id='line_1_11' title="bbox 393 2342 1781 2446; baseline -0.002 -22"><span class='ocrx_word' id='word_1_70' title='bbox 393 2370 529 2424; x_wconf 89' lang='lat' dir='ltr'><strong>morum</strong></span> <span class='ocrx_word' id='word_1_71' title='bbox 552 2345 729 2423; x_wconf 90' lang='lat' dir='ltr'><strong>honestas</strong></span> <span class='ocrx_word' id='word_1_72' title='bbox 754 2346 902 2445; x_wconf 84' lang='lat' dir='ltr'><strong>aliaque</strong></span> <span class='ocrx_word' id='word_1_73' title='bbox 927 2342 1125 2422; x_wconf 86' lang='lat' dir='ltr'><strong>laudabilia</strong></span> <span class='ocrx_word' id='word_1_74' title='bbox 1149 2346 1340 2446; x_wconf 82' lang='lat' dir='ltr'><strong>probitatis</strong></span> <span class='ocrx_word' id='word_1_75' title='bbox 1375 2356 1414 2421; x_wconf 95' lang='lat' dir='ltr'><strong>et</strong></span> <span class='ocrx_word' id='word_1_76' title='bbox 1448 2346 1618 2421; x_wconf 83' lang='lat' dir='ltr'><strong>uirtutum</strong></span> <span class='ocrx_word' id='word_1_77' title='bbox 1654 2345 1781 2421; x_wconf 81' lang='lat' dir='ltr'><strong>merita</strong></span> 
     </span>
     <span class='ocr_line' id='line_1_12' title="bbox 394 2440 1781 2621; baseline -0.001 -98"><span class='ocrx_word' id='word_1_78' title='bbox 394 2446 526 2621; x_wconf 55' lang='grc' dir='ltr'><strong>ἓυίὴυε</strong></span> <span class='ocrx_word' id='word_1_79' title='bbox 551 2469 747 2547; x_wconf 82' lang='lat' dir='ltr'><strong>personam</strong></span> <span class='ocrx_word' id='word_1_80' title='bbox 770 2456 866 2523; x_wconf 89' lang='lat' dir='ltr'><strong>tuam</strong></span> <span class='ocrx_word' id='word_1_81' title='bbox 892 2455 961 2523; x_wconf 87' lang='lat' dir='ltr'><strong>tam</strong></span> <span class='ocrx_word' id='word_1_82' title='bbox 986 2444 1157 2520; x_wconf 71' lang='lat' dir='ltr'><strong>familiari</strong></span> <span class='ocrx_word' id='word_1_83' title='bbox 1173 2446 1408 2545; x_wconf 68' lang='lat' dir='ltr'><strong>experientia</strong></span> <span class='ocrx_word' id='word_1_84' title='bbox 1429 2468 1534 2543; x_wconf 82' lang='lat' dir='ltr'><strong>quam</strong></span> <span class='ocrx_word' id='word_1_85' title='bbox 1554 2446 1662 2530; x_wconf 86' lang='lat' dir='ltr'><strong>etiam</strong></span> <span class='ocrx_word' id='word_1_86' title='bbox 1682 2440 1781 2521; x_wconf 77' lang='lat' dir='ltr'><strong>lide·</strong></span> 
     </span>
    </p>
   </div>
   <div class='ocr_carea' id='block_1_7' title="bbox 422 2540 1941 2742">
    <p class='ocr_par' dir='ltr' id='par_1_7' title="bbox 422 2540 1941 2742">
     <span class='ocr_line' id='line_1_13' title="bbox 422 2540 1941 2742; baseline 0.001 -123"><span class='ocrx_word' id='word_1_87' title='bbox 422 2547 586 2645; x_wconf 84' lang='lat' dir='ltr'><strong>ignorum</strong></span> <span class='ocrx_word' id='word_1_88' title='bbox 626 2546 844 2623; x_wconf 85' lang='lat' dir='ltr'><strong>testimoniis</strong></span> <span class='ocrx_word' id='word_1_89' title='bbox 880 2546 998 2619; x_wconf 89' lang='lat' dir='ltr'><strong>iuuari</strong></span> <span class='ocrx_word' id='word_1_90' title='bbox 1033 2540 1782 2742; x_wconf 44' lang='lat' dir='ltr'><strong>pemeduir‘r&#39;rlrnziqffieningffitbelm&amp;</strong></span> <span class='ocrx_word' id='word_1_91' title='bbox 1930 2645 1941 2667; x_wconf 27' lang='lat' dir='ltr'>x</span> 
     </span>
    </p>
   </div>
   <div class='ocr_carea' id='block_1_8' title="bbox 318 2643 1796 3439">
    <p class='ocr_par' dir='ltr' id='par_1_8' title="bbox 318 2643 1796 3439">
     <span class='ocr_line' id='line_1_14' title="bbox 318 2643 1142 2741; baseline -0.005 -21"><span class='ocrx_word' id='word_1_92' title='bbox 318 2678 326 2690; x_wconf 57' lang='grc'><strong>“</strong></span> <span class='ocrx_word' id='word_1_93' title='bbox 395 2644 594 2720; x_wconf 82' lang='lat' dir='ltr'><strong>reddamur</strong></span> <span class='ocrx_word' id='word_1_94' title='bbox 618 2643 666 2719; x_wconf 90' lang='lat' dir='ltr'><strong>ad</strong></span> <span class='ocrx_word' id='word_1_95' title='bbox 691 2646 841 2741; x_wconf 80' lang='lat' dir='ltr'><strong>gratiam</strong></span> <span class='ocrx_word' id='word_1_96' title='bbox 866 2643 1055 2719; x_wconf 87' lang='lat' dir='ltr'><strong>liberales.</strong></span> <span class='ocrx_word' id='word_1_97' title='bbox 1079 2644 1142 2717; x_wconf 87' lang='lat' dir='ltr'><strong>Du</strong></span> 
     </span>
     <span class='ocr_line' id='line_1_15' title="bbox 398 2740 1781 2843; baseline 0 -25"><span class='ocrx_word' id='word_1_98' title='bbox 398 2742 679 2823; x_wconf 79' lang='lat' dir='ltr'><strong>ecclesiastica.</strong></span> <span class='ocrx_word' id='word_1_99' title='bbox 715 2756 802 2817; x_wconf 87' lang='lat' dir='ltr'><strong>tone</strong></span> <span class='ocrx_word' id='word_1_100' title='bbox 837 2742 935 2841; x_wconf 92' lang='lat' dir='ltr'><strong>apud</strong></span> <span class='ocrx_word' id='word_1_101' title='bbox 963 2740 1094 2817; x_wconf 84' lang='lat' dir='ltr'><strong>sedem</strong></span> <span class='ocrx_word' id='word_1_102' title='bbox 1116 2742 1354 2843; x_wconf 84' lang='lat' dir='ltr'><strong>apostolicam</strong></span> <span class='ocrx_word' id='word_1_103' title='bbox 1379 2744 1549 2817; x_wconf 86' lang='lat' dir='ltr'><strong>uacantia</strong></span> <span class='ocrx_word' id='word_1_104' title='bbox 1572 2753 1610 2818; x_wconf 88' lang='lat' dir='ltr'><strong>et</strong></span> <span class='ocrx_word' id='word_1_105' title='bbox 1634 2744 1781 2818; x_wconf 86' lang='lat' dir='ltr'><strong>inantea</strong></span> 
     </span>
     <span class='ocr_line' id='line_1_16' title="bbox 393 2840 1781 2943; baseline -0.001 -26"><span class='ocrx_word' id='word_1_106' title='bbox 393 2854 570 2917; x_wconf 87' lang='lat' dir='ltr'><strong>uacatura</strong></span> <span class='ocrx_word' id='word_1_107' title='bbox 593 2841 780 2917; x_wconf 90' lang='lat' dir='ltr'><strong>collationi</strong></span> <span class='ocrx_word' id='word_1_108' title='bbox 805 2848 844 2916; x_wconf 88' lang='lat' dir='ltr'><strong>et</strong></span> <span class='ocrx_word' id='word_1_109' title='bbox 869 2840 1101 2943; x_wconf 83' lang='lat' dir='ltr'><strong>dispositioni</strong></span> <span class='ocrx_word' id='word_1_110' title='bbox 1119 2851 1245 2917; x_wconf 89' lang='lat' dir='ltr'><strong>nostre</strong></span> <span class='ocrx_word' id='word_1_111' title='bbox 1262 2843 1547 2933; x_wconf 85' lang='lat' dir='ltr'><strong>rasernauimus,</strong></span> <span class='ocrx_word' id='word_1_112' title='bbox 1572 2840 1781 2919; x_wconf 90' lang='lat' dir='ltr'><strong>decernen-</strong></span> 
     </span>
     <span class='ocr_line' id='line_1_17' title="bbox 396 2938 1781 3117; baseline -0.001 -102"><span class='ocrx_word' id='word_1_113' title='bbox 396 2948 455 3015; x_wconf 83' lang='lat' dir='ltr'><strong>tes</strong></span> <span class='ocrx_word' id='word_1_114' title='bbox 482 2950 615 3014; x_wconf 88' lang='lat' dir='ltr'><strong>extunc</strong></span> <span class='ocrx_word' id='word_1_115' title='bbox 639 2941 776 3013; x_wconf 91' lang='lat' dir='ltr'><strong>irritum</strong></span> <span class='ocrx_word' id='word_1_116' title='bbox 803 2948 841 3013; x_wconf 88' lang='lat' dir='ltr'><strong>et</strong></span> <span class='ocrx_word' id='word_1_117' title='bbox 865 2938 974 3013; x_wconf 86' lang='lat' dir='ltr'><strong>inane</strong></span> <span class='ocrx_word' id='word_1_118' title='bbox 999 2940 1033 3011; x_wconf 92' lang='lat' dir='ltr'><strong>si</strong></span> <span class='ocrx_word' id='word_1_119' title='bbox 1058 2959 1173 3015; x_wconf 86' lang='lat' dir='ltr'><strong>secus</strong></span> <span class='ocrx_word' id='word_1_120' title='bbox 1198 2940 1410 3043; x_wconf 87' lang='lat' dir='ltr'><strong>superbiis</strong></span> <span class='ocrx_word' id='word_1_121' title='bbox 1436 2964 1662 3041; x_wconf 78' lang='lat' dir='ltr'><strong>equaquam</strong></span> <span class='ocrx_word' id='word_1_122' title='bbox 1684 2958 1781 3117; x_wconf 48' lang='lat' dir='ltr'><strong>aaa·</strong></span> 
     </span>
     <span class='ocr_line' id='line_1_18' title="bbox 395 3036 1781 3141; baseline 0.004 -30"><span class='ocrx_word' id='word_1_123' title='bbox 395 3038 456 3112; x_wconf 92' lang='lat' dir='ltr'><strong>uis</strong></span> <span class='ocrx_word' id='word_1_124' title='bbox 481 3038 695 3113; x_wconf 86' lang='lat' dir='ltr'><strong>auctoritate</strong></span> <span class='ocrx_word' id='word_1_125' title='bbox 720 3038 884 3114; x_wconf 87' lang='lat' dir='ltr'><strong>scienter</strong></span> <span class='ocrx_word' id='word_1_126' title='bbox 901 3037 964 3111; x_wconf 87' lang='lat' dir='ltr'><strong>uel</strong></span> <span class='ocrx_word' id='word_1_127' title='bbox 979 3036 1194 3135; x_wconf 84' lang='lat' dir='ltr'><strong>ignoranter</strong></span> <span class='ocrx_word' id='word_1_128' title='bbox 1209 3042 1438 3139; x_wconf 81' lang='lat' dir='ltr'><strong>contingeret</strong></span> <span class='ocrx_word' id='word_1_129' title='bbox 1458 3042 1658 3141; x_wconf 85' lang='lat' dir='ltr'><strong>attemptari</strong></span> <span class='ocrx_word' id='word_1_130' title='bbox 1707 3038 1781 3116; x_wconf 70' lang='lat' dir='ltr'><strong>*um</strong></span> 
     </span>
     <span class='ocr_line' id='line_1_19' title="bbox 397 3134 1781 3241; baseline 0.005 -32"><span class='ocrx_word' id='word_1_131' title='bbox 397 3136 521 3237; x_wconf 87' lang='lat' dir='ltr'><strong>itaque</strong></span> <span class='ocrx_word' id='word_1_132' title='bbox 546 3134 773 3238; x_wconf 88' lang='lat' dir='ltr'><strong>postmodnm</strong></span> <span class='ocrx_word' id='word_1_133' title='bbox 824 3148 1012 3237; x_wconf 80' lang='lat' dir='ltr'><strong>erpeinum</strong></span> <span class='ocrx_word' id='word_1_134' title='bbox 1039 3136 1254 3215; x_wconf 83' lang='lat' dir='ltr'><strong>beneficium</strong></span> <span class='ocrx_word' id='word_1_135' title='bbox 1271 3139 1517 3215; x_wconf 84' lang='lat' dir='ltr'><strong>Premissatia</strong></span> <span class='ocrx_word' id='word_1_136' title='bbox 1539 3148 1781 3241; x_wconf 86' lang='lat' dir='ltr'><strong>nuncupatum</strong></span> 
     </span>
     <span class='ocr_line' id='line_1_20' title="bbox 395 3160 1796 3340; baseline 0.004 -31"><span class='ocrx_word' id='word_1_137' title='bbox 395 3235 432 3310; x_wconf 91' lang='lat' dir='ltr'><strong>iu</strong></span> <span class='ocrx_word' id='word_1_138' title='bbox 468 3235 691 3340; x_wconf 76' lang='lat' dir='ltr'><strong>parrochiali</strong></span> <span class='ocrx_word' id='word_1_139' title='bbox 723 3160 886 3311; x_wconf 53' lang='lat' dir='ltr'><strong>accessis</strong></span> <span class='ocrx_word' id='word_1_140' title='bbox 917 3236 955 3309; x_wconf 92' lang='lat' dir='ltr'><strong>iu</strong></span> <span class='ocrx_word' id='word_1_141' title='bbox 987 3232 1161 3312; x_wconf 79' lang='lat' dir='ltr'><strong>Sumbrun</strong></span> <span class='ocrx_word' id='word_1_142' title='bbox 1192 3239 1462 3337; x_wconf 81' lang='lat' dir='ltr'><strong>Augustensis</strong></span> <span class='ocrx_word' id='word_1_143' title='bbox 1480 3236 1648 3314; x_wconf 89' lang='lat' dir='ltr'><strong>diocesis</strong></span> <span class='ocrx_word' id='word_1_144' title='bbox 1680 3236 1796 3340; x_wconf 14' lang='lat' dir='ltr'><strong>quod*</strong></span> 
     </span>
     <span class='ocr_line' id='line_1_21' title="bbox 343 3330 1781 3439; baseline 0.006 -31"><span class='ocrx_word' id='word_1_145' title='bbox 343 3368 347 3375; x_wconf 94' lang='lat'>·</span> <span class='ocrx_word' id='word_1_146' title='bbox 400 3332 581 3433; x_wconf 89' lang='lat' dir='ltr'><strong>quondam</strong></span> <span class='ocrx_word' id='word_1_147' title='bbox 606 3334 885 3411; x_wconf 86' lang='lat' dir='ltr'><strong>Bartholomeus</strong></span> <span class='ocrx_word' id='word_1_148' title='bbox 910 3330 1049 3410; x_wconf 83' lang='lat' dir='ltr'><strong>Stroez</strong></span> <span class='ocrx_word' id='word_1_149' title='bbox 1069 3338 1110 3408; x_wconf 90' lang='lat' dir='ltr'><strong>in</strong></span> <span class='ocrx_word' id='word_1_150' title='bbox 1137 3336 1266 3413; x_wconf 87' lang='lat' dir='ltr'><strong>eadem</strong></span> <span class='ocrx_word' id='word_1_151' title='bbox 1292 3338 1457 3415; x_wconf 88' lang='lat' dir='ltr'><strong>ecclesia</strong></span> <span class='ocrx_word' id='word_1_152' title='bbox 1482 3348 1685 3439; x_wconf 87' lang='lat' dir='ltr'><strong>perpetuus</strong></span> <span class='ocrx_word' id='word_1_153' title='bbox 1711 3340 1781 3417; x_wconf 78' lang='lat' dir='ltr'><strong>bc-</strong></span> 
     </span>
    </p>
   </div>
   <div class='ocr_carea' id='block_1_9' title="bbox 246 3435 1782 3539">
    <p class='ocr_par' dir='ltr' id='par_1_9' title="bbox 246 3435 1782 3539">
     <span class='ocr_line' id='line_1_22' title="bbox 246 3435 1782 3539; baseline 0.003 -30"><span class='ocrx_word' id='word_1_154' title='bbox 246 3463 253 3471; x_wconf 93' lang='lat'>·</span> <span class='ocrx_word' id='word_1_155' title='bbox 394 3436 588 3513; x_wconf 85' lang='lat' dir='ltr'><strong>aeficiatus</strong></span> <span class='ocrx_word' id='word_1_156' title='bbox 618 3435 885 3511; x_wconf 87' lang='lat' dir='ltr'><strong>Premissarius</strong></span> <span class='ocrx_word' id='word_1_157' title='bbox 916 3446 1145 3535; x_wconf 89' lang='lat' dir='ltr'><strong>nuncupatus</strong></span> <span class='ocrx_word' id='word_1_158' title='bbox 1179 3435 1263 3512; x_wconf 89' lang='lat' dir='ltr'><strong>dum</strong></span> <span class='ocrx_word' id='word_1_159' title='bbox 1303 3438 1449 3514; x_wconf 89' lang='lat' dir='ltr'><strong>uiueret</strong></span> <span class='ocrx_word' id='word_1_160' title='bbox 1489 3438 1678 3514; x_wconf 84' lang='lat' dir='ltr'><strong>obtinebat</strong></span> <span class='ocrx_word' id='word_1_161' title='bbox 1710 3460 1782 3539; x_wconf 88' lang='lat' dir='ltr'><strong>per</strong></span> 
     </span>
    </p>
   </div>
   <div class='ocr_carea' id='block_1_10' title="bbox 395 3530 1782 3738">
    <p class='ocr_par' dir='ltr' id='par_1_10' title="bbox 395 3530 1782 3738">
     <span class='ocr_line' id='line_1_23' title="bbox 395 3530 1782 3636; baseline 0.004 -29"><span class='ocrx_word' id='word_1_162' title='bbox 395 3532 529 3611; x_wconf 91' lang='lat' dir='ltr'><strong>obitum</strong></span> <span class='ocrx_word' id='word_1_163' title='bbox 556 3532 723 3610; x_wconf 89' lang='lat' dir='ltr'><strong>eiusdem</strong></span> <span class='ocrx_word' id='word_1_164' title='bbox 746 3530 996 3609; x_wconf 89' lang='lat' dir='ltr'><strong>Bartholomei</strong></span> <span class='ocrx_word' id='word_1_165' title='bbox 1034 3535 1096 3633; x_wconf 89' lang='lat' dir='ltr'><strong>qui</strong></span> <span class='ocrx_word' id='word_1_166' title='bbox 1120 3536 1374 3636; x_wconf 88' lang='lat' dir='ltr'><strong>apud-dictam</strong></span> <span class='ocrx_word' id='word_1_167' title='bbox 1399 3532 1527 3612; x_wconf 86' lang='lat' dir='ltr'><strong>sedem</strong></span> <span class='ocrx_word' id='word_1_168' title='bbox 1553 3532 1650 3613; x_wconf 86' lang='lat' dir='ltr'><strong>diem</strong></span> <span class='ocrx_word' id='word_1_169' title='bbox 1675 3536 1782 3615; x_wconf 83' lang='lat' dir='ltr'><strong>clau·</strong></span> 
     </span>
     <span class='ocr_line' id='line_1_24' title="bbox 396 3629 1782 3738; baseline 0.01 -33"><span class='ocrx_word' id='word_1_170' title='bbox 396 3632 445 3705; x_wconf 88' lang='lat' dir='ltr'><strong>sit</strong></span> <span class='ocrx_word' id='word_1_171' title='bbox 469 3644 670 3710; x_wconf 86' lang='lat' dir='ltr'><strong>extremum</strong></span> <span class='ocrx_word' id='word_1_172' title='bbox 695 3630 795 3732; x_wconf 91' lang='lat' dir='ltr'><strong>apud</strong></span> <span class='ocrx_word' id='word_1_173' title='bbox 820 3629 950 3708; x_wconf 91' lang='lat' dir='ltr'><strong>sedem</strong></span> <span class='ocrx_word' id='word_1_174' title='bbox 974 3634 1091 3733; x_wconf 89' lang='lat' dir='ltr'><strong>ipsam</strong></span> <span class='ocrx_word' id='word_1_175' title='bbox 1117 3638 1318 3725; x_wconf 74' lang='lat' dir='ltr'><strong>uaoaucrit,</strong></span> <span class='ocrx_word' id='word_1_176' title='bbox 1342 3646 1381 3712; x_wconf 91' lang='lat' dir='ltr'><strong>et</strong></span> <span class='ocrx_word' id='word_1_177' title='bbox 1404 3647 1513 3713; x_wconf 60' lang='lat' dir='ltr'><strong>naam</strong></span> <span class='ocrx_word' id='word_1_178' title='bbox 1536 3634 1586 3710; x_wconf 89' lang='lat' dir='ltr'><strong>ad</strong></span> <span class='ocrx_word' id='word_1_179' title='bbox 1609 3636 1782 3738; x_wconf 73' lang='lat' dir='ltr'><strong>presens.</strong></span> 
     </span>
    </p>
   </div>
   <div class='ocr_carea' id='block_1_11' title="bbox 229 3728 1783 3935">
    <p class='ocr_par' dir='ltr' id='par_1_11' title="bbox 229 3728 1783 3935">
     <span class='ocr_line' id='line_1_25' title="bbox 272 3728 1783 3835; baseline 0.007 -32"><span class='ocrx_word' id='word_1_180' title='bbox 272 3767 274 3779; x_wconf 78' lang='lat'><em>=</em></span> <span class='ocrx_word' id='word_1_181' title='bbox 394 3728 596 3832; x_wconf 88' lang='lat' dir='ltr'><strong>nullusque</strong></span> <span class='ocrx_word' id='word_1_182' title='bbox 629 3730 680 3808; x_wconf 90' lang='lat' dir='ltr'><strong>de</strong></span> <span class='ocrx_word' id='word_1_183' title='bbox 712 3730 777 3805; x_wconf 94' lang='lat' dir='ltr'><strong>illo</strong></span> <span class='ocrx_word' id='word_1_184' title='bbox 802 3741 929 3833; x_wconf 88' lang='lat' dir='ltr'><strong>preter</strong></span> <span class='ocrx_word' id='word_1_185' title='bbox 960 3754 1028 3806; x_wconf 89' lang='lat' dir='ltr'><strong>nos</strong></span> <span class='ocrx_word' id='word_1_186' title='bbox 1061 3731 1133 3808; x_wconf 88' lang='lat' dir='ltr'><strong>hac</strong></span> <span class='ocrx_word' id='word_1_187' title='bbox 1167 3734 1254 3813; x_wconf 87' lang='lat' dir='ltr'><strong>uice</strong></span> <span class='ocrx_word' id='word_1_188' title='bbox 1287 3731 1488 3835; x_wconf 83' lang='lat' dir='ltr'><strong>disponere</strong></span> <span class='ocrx_word' id='word_1_189' title='bbox 1514 3736 1674 3835; x_wconf 90' lang='lat' dir='ltr'><strong>potuerit</strong></span> <span class='ocrx_word' id='word_1_190' title='bbox 1697 3738 1783 3813; x_wconf 81' lang='lat' dir='ltr'><strong>siue</strong></span> 
     </span>
     <span class='ocr_line' id='line_1_26' title="bbox 229 3828 1781 3935; baseline 0.006 -34"><span class='ocrx_word' id='word_1_191' title='bbox 229 3860 233 3865; x_wconf 93' lang='lat'>·</span> <span class='ocrx_word' id='word_1_192' title='bbox 393 3831 515 3927; x_wconf 86' lang='lat' dir='ltr'><strong>possit</strong></span> <span class='ocrx_word' id='word_1_193' title='bbox 552 3831 806 3907; x_wconf 85' lang='lat' dir='ltr'><strong>reseruatione</strong></span> <span class='ocrx_word' id='word_1_194' title='bbox 847 3842 886 3906; x_wconf 90' lang='lat' dir='ltr'><strong>et</strong></span> <span class='ocrx_word' id='word_1_195' title='bbox 926 3828 1080 3920; x_wconf 83' lang='lat' dir='ltr'><strong>decreto</strong></span> <span class='ocrx_word' id='word_1_196' title='bbox 1112 3832 1374 3911; x_wconf 87' lang='lat' dir='ltr'><strong>obsistentibus</strong></span> <span class='ocrx_word' id='word_1_197' title='bbox 1410 3834 1657 3935; x_wconf 67' lang='lat' dir='ltr'><strong>supradietis</strong></span> <span class='ocrx_word' id='word_1_198' title='bbox 1694 3833 1781 3913; x_wconf 88' lang='lat' dir='ltr'><strong>Nos</strong></span> 
     </span>
    </p>
   </div>
   <div class='ocr_carea' id='block_1_12' title="bbox 392 3926 1784 4134">
    <p class='ocr_par' dir='ltr' id='par_1_12' title="bbox 392 3926 1784 4134">
     <span class='ocr_line' id='line_1_27' title="bbox 393 3926 1784 4035; baseline 0.008 -34"><span class='ocrx_word' id='word_1_199' title='bbox 393 3926 464 4026; x_wconf 88' lang='lat' dir='ltr'><strong>tibi</strong></span> <span class='ocrx_word' id='word_1_200' title='bbox 486 3930 547 4028; x_wconf 82' lang='lat' dir='ltr'><strong>qui</strong></span> <span class='ocrx_word' id='word_1_201' title='bbox 572 3932 679 4005; x_wconf 89' lang='lat' dir='ltr'><strong>eliam</strong></span> <span class='ocrx_word' id='word_1_202' title='bbox 704 3941 832 4005; x_wconf 87' lang='lat' dir='ltr'><strong>noster</strong></span> <span class='ocrx_word' id='word_1_203' title='bbox 858 3931 1053 4005; x_wconf 81' lang='lat' dir='ltr'><strong>continuus</strong></span> <span class='ocrx_word' id='word_1_204' title='bbox 1079 3932 1336 4009; x_wconf 88' lang='lat' dir='ltr'><strong>commensalis</strong></span> <span class='ocrx_word' id='word_1_205' title='bbox 1361 3936 1494 4009; x_wconf 85' lang='lat' dir='ltr'><strong>existis</strong></span> <span class='ocrx_word' id='word_1_206' title='bbox 1520 3936 1784 4035; x_wconf 76' lang='lat' dir='ltr'><strong>premissorum</strong></span> 
     </span>
     <span class='ocr_line' id='line_1_28' title="bbox 392 4024 1784 4134; baseline 0.006 -33"><span class='ocrx_word' id='word_1_207' title='bbox 392 4024 652 4127; x_wconf 87' lang='lat' dir='ltr'><strong>obsequiorum</strong></span> <span class='ocrx_word' id='word_1_208' title='bbox 685 4036 723 4105; x_wconf 91' lang='lat' dir='ltr'><strong>et</strong></span> <span class='ocrx_word' id='word_1_209' title='bbox 757 4028 960 4105; x_wconf 89' lang='lat' dir='ltr'><strong>meritorum</strong></span> <span class='ocrx_word' id='word_1_210' title='bbox 994 4038 1136 4107; x_wconf 87' lang='lat' dir='ltr'><strong>tuorum</strong></span> <span class='ocrx_word' id='word_1_211' title='bbox 1167 4034 1294 4109; x_wconf 88' lang='lat' dir='ltr'><strong>intuitu</strong></span> <span class='ocrx_word' id='word_1_212' title='bbox 1323 4034 1516 4134; x_wconf 87' lang='lat' dir='ltr'><strong>spatialem</strong></span> <span class='ocrx_word' id='word_1_213' title='bbox 1543 4036 1697 4131; x_wconf 82' lang='lat' dir='ltr'><strong>gratiam</strong></span> <span class='ocrx_word' id='word_1_214' title='bbox 1720 4032 1784 4110; x_wconf 77' lang='lat' dir='ltr'><strong>ia-</strong></span> 
     </span>
    </p>
   </div>
   <div class='ocr_carea' id='block_1_13' title="bbox 391 4128 1780 4234">
    <p class='ocr_par' dir='ltr' id='par_1_13' title="bbox 391 4128 1780 4234">
     <span class='ocr_line' id='line_1_29' title="bbox 391 4128 1780 4234; baseline 0.008 -29"><span class='ocrx_word' id='word_1_215' title='bbox 391 4144 483 4206; x_wconf 87' lang='lat' dir='ltr'><strong>oara</strong></span> <span class='ocrx_word' id='word_1_216' title='bbox 509 4128 698 4224; x_wconf 84' lang='lat' dir='ltr'><strong>uolentes,</strong></span> <span class='ocrx_word' id='word_1_217' title='bbox 732 4148 875 4207; x_wconf 87' lang='lat' dir='ltr'><strong>necnau</strong></span> <span class='ocrx_word' id='word_1_218' title='bbox 911 4128 1032 4207; x_wconf 85' lang='lat' dir='ltr'><strong>omnia</strong></span> <span class='ocrx_word' id='word_1_219' title='bbox 1063 4139 1102 4208; x_wconf 86' lang='lat' dir='ltr'><strong>et</strong></span> <span class='ocrx_word' id='word_1_220' title='bbox 1135 4133 1281 4234; x_wconf 64' lang='lat' dir='ltr'><strong>sagula</strong></span> <span class='ocrx_word' id='word_1_221' title='bbox 1306 4131 1488 4214; x_wconf 79' lang='lat' dir='ltr'><strong>beneficia</strong></span> <span class='ocrx_word' id='word_1_222' title='bbox 1512 4132 1780 4215; x_wconf 61' lang='lat' dir='ltr'><strong>acarnanas</strong></span> 
     </span>
    </p>
   </div>
   <div class='ocr_carea' id='block_1_14' title="bbox 0 0 2114 5034">
    <p class='ocr_par' dir='ltr' id='par_1_14' title="bbox 0 0 2114 5034">
     <span class='ocr_line' id='line_1_30' title="bbox 0 0 2114 5034; baseline 0 0"><span class='ocrx_word' id='word_1_223' title='bbox 0 0 2114 5034; x_wconf 95' lang='lat' dir='ltr'><strong> </strong></span> 
     </span>
    </p>
   </div>
  </div>
 </body>
</html>
