4209 5034
634 535 905 642 episcopatus
933 535 1188 653 Augustani.
1410 585 1415 588 -
1488 604 1492 611 .
1536 533 1640 624 397

350 771 439 846 Item
463 770 501 843 in
526 767 648 843 honen
674 765 733 842 111
758 763 877 843 (lurie
901 731 1102 844 insultent
1136 765 1380 846 molendinum
1404 768 1541 852 ibidem
1567 770 1635 846 ob-

250 868 362 1042 lipute
396 882 480 987 suut
517 865 926 1042 ditppp‘dpmppgppbppp
953 891 1025 1041 pro
1050 866 1091 941 X
1115 866 1221 944 libris
1253 864 1494 947 denariorum.
1544 869 1637 946 Item

248 991 452 1146 nuoppeepp
469 991 711 1142 iplerwmem
747 1063 912 1163 predium
926 989 1125 1144 gweidner-i
1164 1064 1203 1141 V
1233 1064 1361 1142 multra
1382 1062 1561 1166 ¹siliginis
1597 1077 1640 1142 et

250 1167 288 1244 V
313 1164 457 1245 soIIdos
483 1165 722 1241 denariorum·
773 1164 862 1239 Item
889 1185 978 1239 uren
997 1164 1085 1240 dieii
1109 1159 1235 1239 beldin
1260 1163 1320 1241 ΙΙΙ
1344 1163 1488 1242 solidos
1514 1165 1633 1240 deun-

114 1323 117 1332 .
251 1269 394 1343 rIorum.
443 1265 534 1340 Item
557 1263 767 1339 knderuzin
793 1263 853 1338 III
878 1263 1020 1340 solidos
1046 1263 1277 1340 denariorum
1310 1263 1359 1341 de
1392 1289 1491 1341 arem
1541 1263 1633 1338 Iiem

278 1365 417 1441 redium
439 1360 486 1440 Ο.
510 1365 688 1456 vrsinger·
705 1362 745 1436 ΙΙ
766 1357 910 1438 solidos
944 1356 1176 1438 denariorum
1208 1375 1246 1439 et
1279 1363 1320 1438 II
1352 1365 1490 1440 malurn.
1541 1361 1632 1437 Item
1676 1387 1682 1396 ·

251 1391 339 1539 dier.
364 1465 403 1540 II
428 1461 571 1538 solidus
598 1459 828 1538 denariorum
852 1457 901 1536 de
927 1485 1024 1537 uren.
1074 1461 1165 1536 Ilum
1190 1459 1357 1562 predium
1384 1462 1480 1539 diuti-
1499 1459 1640 1560 phosie·

229 1564 312 1641 «III
350 1563 477 1640 multra
510 1573 547 1636 et
581 1561 718 1636 XVIII
752 1559 937 1636 denarios.
991 1561 1083 1636 Item
1126 1559 1381 1638 Molendiuurn
1410 1561 1471 1636 111
1507 1559 1635 1636 multra

105 1727 106 1730 .
156 1645 162 1662 '
252 1662 367 1760 siguli
393 1674 430 1736 et
454 1661 512 1735 IV
537 1661 713 1759 quartalia
726 1661 833 1734 tritici
854 1670 892 1735 ei
916 1682 1066 1760 poronm
1087 1659 1266 1736 valentem
1291 1659 1370 1736 VII
1393 1655 1537 1736 solidos
1563 1652 1635 1734 de-

250 1763 443 1836 nariorum.
492 1759 584 1834 lien
610 1757 776 1834 domiuus
801 1759 887 1834 Ber·
921 1755 1102 1834 sacerdos
1135 1756 1236 1834 doun
1273 1757 1416 1835 domiuo
1434 1758 1634 1858 'lilpisnopo

252 1854 433 1960 quoddam
457 1857 623 1956 predium
647 1856 789 1947 ibidem,
816 1853 914 1956 quod
935 1857 1086 1932 soluere
1111 1854 1266 1932 deberet
1288 1858 1328 1932 11
1352 1857 1525 1934 mulieres
1550 1859 1635 1932 sili-

251 1959 349 2056 ginis
375 1966 413 2030 ot
438 1957 477 2028 II
501 1955 645 2032 solidos
671 1951 901 2030 denariorum
924 1955 995 2030 sed
1028 1967 1086 2030 est
1115 1954 1299 2029 indultum.
1350 1954 1455 2030 Item.
1477 1951 1528 2031 de
1563 1955 1637 2031 ud-

250 2055 409 2130 uoosuin
431 2053 627 2141 Reclusis,
662 2077 765 2152 quum
792 2053 934 2128 confert
971 2052 1137 2128 dominus
1161 2053 1377 2153 Episcopus
1408 2051 1428 2126 1
1461 2054 1636 2130 meliruru.

249 2153 322 2230 Jns
359 2163 395 2227 et
429 2149 601 2228 iudicium
633 2155 814 2251 pertinent
854 2151 998 2227 domino
1023 2151 1227 2253 Episcopo.
1278 2153 1370 2228 Item
1396 2151 1635 2252 Holzekger,

251 2255 310 2351 qni
334 2252 482 2326 uoluunt
505 2251 564 2327 III
590 2252 767 2348 quamnim
792 2251 963 2347 siliginis.
1464 2299 1468 2307 ·

350 2343 560 2424 Notandum
600 2347 697 2444 quod
731 2347 872 2422 decime
909 2350 946 2420 in
982 2345 1326 2444 Sigehrelrislrouen
1368 2350 1551 2447 pertinent
1582 2343 1635 2422 ud

250 2445 423 2526 Castrum
456 2447 665 2544 Hnbsperg'
691 2457 727 2520 et
765 2446 887 2520 solent
925 2443 1037 2520 vendi
1079 2446 1254 2521 communi
1290 2446 1526 2522 estimonione
1564 2439 1671 2548 pro'

247 2545 382 2624 XXVI
406 2545 543 2622 malitis
570 2547 760 2642 utriusque
783 2543 954 2620 frumenti
979 2543 1122 2620 scilieet
1153 2545 1314 2642 siliginis
1339 2556 1376 2620 et
1400 2565 1532 2622 uueue.

348 2647 441 2723 Item
465 2648 502 2719 in
527 2643 712 2742 virdigen.
762 2639 880 2720 Curis
904 2643 1039 2720 incultu
1063 2639 1135 2718 sed
1158 2644 1281 2720 loonio
1310 2654 1369 2720 est
1401 2667 1470 2744 pro
1502 2642 1632 2720 meliro

236 2756 378 2820 'nueue
408 2745 523 2821 'Item
548 2745 585 2817 iu
611 2741 870 2820 Bainbreohen
893 2739 1007 2818 Curis
1031 2741 1178 2818 innulis.
1227 2743 1319 2820 Item
1343 2745 1380 2818 in
1406 2739 1634 2820 sunderlrolu

237 2843 288 2922 ,Π
314 2846 417 2920 onrie
442 2841 582 2920 innulia
605 2841 697 2917 Item
721 2844 758 2917 in
783 2843 1027 2942 waizenberg
1046 2837 1163 2920 Curis
1186 2842 1334 2918 iuouliu·
1383 2841 1474 2919 Iiem
1498 2844 1537 2917 in
1554 2843 1635 2916 Bii-

249 2944 432 3018 iernullen
458 2940 629 3018 Prndium
663 2941 751 3017 dieti
783 2940 946 3018 Sinuzer
973 2943 993 3017 I
1025 2943 1188 3017 mularum
1221 2951 1259 3018 et
1282 2941 1322 3016 II
1346 2939 1491 3025 solidos
1517 2941 1635 3016 denu-

247 3044 384 3116 riorum
409 3041 480 3116 sed
507 3051 565 3115 est
590 3040 773 3116 incultum.
822 3041 915 3115 Item
938 3043 974 3116 in
999 3039 1258 3117 Bireheurieih
1291 3040 1312 3115 1
1343 3040 1507 3131 molitum
1532 3050 1571 3116 et
1593 3038 1634 3114 Π

247 3139 393 3215 solidos
416 3137 646 3215 denariorum
670 3161 743 3214 von
771 3140 969 3237 beggelins
995 3151 1085 3238 gnot
1109 3137 1184 3215 sed
1214 3149 1273 3213 est
1308 3139 1491 3213 incultum.
1541 3139 1634 3212 Item

247 3236 427 3314 wilerhof
450 3235 499 3312 de
526 3237 730 3314 nduouaoiu
762 3237 782 3311 I
815 3238 975 3311 nrulirum
1007 3261 1139 3312 sueno·
1187 3238 1280 3311 Item
1304 3259 1438 3333 sgnum
1462 3261 1582 3310 vnum.

347 3337 433 3410 Heu
458 3348 542 3428 sunl¹
568 3341 730 3437 pignora·
763 3336 853 3410 Item
868 3331 983 3428 Cpria
1007 3336 1184 3411 villionlis
1207 3337 1378 3434 superior
1404 3337 1440 3408 in
1461 3336 1632 3410 winzern

247 3435 360 3510 soluit
393 3435 431 3509 V
464 3433 588 3511 multra
620 3447 657 3511 et
691 3435 729 3510 V
762 3430 905 3509 solidos
943 3433 1175 3510 denariorum
1206 3434 1371 3534 quartale
1409 3433 1484 3508 olei
1510 3444 1548 3508 et
1572 3430 1632 3508 IV
1736 3448 1738 3451 ’

249 3528 398 3610 Caseus
423 3531 585 3632 obligato
610 3547 669 3609 est
692 3533 740 3608 II·
769 3532 817 3607 de
843 3537 1009 3609 winzern
1041 3531 1152 3609 habet
1182 3528 1337 3608 medium
1370 3541 1408 3606 et
1431 3533 1537 3632 pueri
1563 3526 1633 3606 de·

119 3725 121 3730 ¹
249 3635 333 3707 enni
357 3631 488 3707 ibIdem
514 3631 668 3708 mediam
722 3653 762 3706 ro
786 3632 839 3706 X.
861 3631 966 3709 libris
990 3633 1213 3732 antiquorum
1240 3631 1481 3707 denariorum.

346 3730 436 3806 Item
460 3726 578 3807 Curis
610 3734 646 3804 in
738 3729 956 3904 ppenlruson
990 3755 1095 3829 quum
1132 3730 1308 3806 inhabitet
1342 3724 1464 3805 dicius
1497 3722 1628 3803 Ortolf.

108 3811 115 3818 ⁵
244 3828 339 3906 Item
363 3832 399 3904 in
425 3831 519 3905 Harl
539 3830 597 3905 IV
622 3829 744 3932 Hulbp
774 3831 868 3905 nobe
891 3831 1038 3906 inculte.
1088 3829 1179 3906 Item
1215 3831 1251 3902 iu
1276 3831 1445 3905 winzern
1471 3825 1625 3902 inferior

247 3925 364 4004 Ourin
396 3927 570 4006 villicalis
604 3951 674 4044 que
709 3931 825 4006 soluit'
848 3923 927 4003 XII
957 3930 1094 4005 meliro
1131 3928 1170 4004 V
1210 3925 1354 4002 solidos
1396 3926 1628 4001 denariorum

246 4039 284 4102 et
307 4028 337 4102 I.
363 4029 526 4127 quartale
549 4028 622 4106 nler
649 4051 719 4128 que
746 4026 862 4104 Ourie
893 4051 1020 4103 omnes
1052 4027 1214 4126 obligate
1252 4037 1337 4102 snut
1362 4025 1560 4102 diuturni.
1587 4033 1626 4100 et

245 4121 291 4202 C.
316 4127 539 4225 genusohen¹
557 4151 624 4228 pro
647 4128 688 4203 X
710 4127 1068 4207 librisdensriorum
1092 4130 1318 4227 antiquorum
1335 4125 1625 4223 augustensium.
