4209 5034
425 533 533 642 898.
629 552 634 561 “
885 605 906 628 ..
944 589 961 630 ¹.
991 533 1283 649 btunumeutm
1305 580 1336 624 .;

422 774 554 870 posset
595 765 853 856 committerent
889 757 1095 854 Canonipo'
1113 761 1304 864 capitulari
1318 808 1344 856 ,2
1364 762 1441 874 ,qpi
1453 779 1546 849 lew
1568 759 1649 844 sibi
1663 761 1804 844 nsi·

424 873 619 969 postquam
638 876 769 965 posset
794 867 991 948 interesse,
1005 865 1237 956 restituerat,
1249 864 1408 962 pecunie
1427 879 1582 960 quecui
1596 861 1808 961 pulsnticne

425 988 676 1066 campunarum
711 961 878 1057 daretur,
911 965 1110 1064 pertineret
1140 959 1192 1040 ud
1223 963 1423 1045 ecclesiam
1456 959 1617 1044 deducta
1641 960 1811 1040 odinum

370 1067 374 1078 '
423 1064 616 1155 mercede,
652 1064 773 1142 oleum
794 1062 842 1139 ud
869 1063 936 1138 lam
963 1062 1057 1138 ades
1077 1073 1226 1164 ,nunptu
1250 1063 1417 1144 ecclesie
1447 1071 1650 1148 emeretur,
1681 1058 1803 1158 qnod-

354 1205 358 1210 ·
424 1187 496 1262 qne
520 1165 728 1265 presbyteri
761 1165 821 1262 qui
854 1085 962 1279 apuql
986 1163 1131 1265 plebem
1164 1161 1332 1248 ecclesie
1354 1161 1594 1249 inseruirent,
1627 1157 1807 1236 baberent

450 1263 613 1340 modium
637 1265 674 1336 in
702 1259 994 1360 Quadragesrmu
1018 1263 1128 1336 solito
1159 1283 1286 1352 more,
1316 1282 1492 1361 proquo
1527 1269 1804 1356 exponerentur

422 1287 527 1449 l'res
551 1361 677 1436 doreni
705 1361 891 1436 Berensis
917 1354 966 1433 de
993 1361 1100 1436 bonis
1125 1361 1291 1439 ecclesie
1313 1361 1456 1458 absque
1482 1353 1808 1456 impensatione-

425 1460 484 1558 dis
509 1485 555 1536 no
579 1462 735 1558 reliquie
761 1471 889 1541 sancte
916 1483 994 1534 onor
1020 1461 1124 1534 unsis
1147 1460 1273 1538 aureis
1297 1459 1493 1556 argerrteis·
1512 1469 1552 1530 et
1577 1458 1713 1532 ceteris
1738 1477 1804 1532 or·
1903 1513 1910 1527 .

423 1561 600 1636 ramentis
619 1582 685 1636 nc
722 1558 889 1634 clinodiis
925 1559 1107 1646 ecclesio¹
1129 1571 1257 1633 essent
1287 1559 1325 1630 in
1360 1555 1531 1632 custodia
1561 1556 1802 1641 ministrorum

314 1651 318 1658 ’
424 1658 589 1750 Altaris,
611 1658 692 1742 ,nisi
728 1659 812 1734 eliis
845 1659 893 1733 ub
920 1659 1004 1759 ipso
1029 1657 1222 1757 Episcopo
1246 1666 1284 1732 et
1308 1651 1482 1758 capitulo
1505 1653 1628 1730 forent
1651 1651 1803 1730 deman-

424 1753 530 1850 date,
548 1781 619 1832 noc
646 1751 785 1832 Custos
810 1779 855 1832 se
881 1755 930 1832 de
957 1759 1013 1833 eis
1037 1751 1246 1858 impediret,
1272 1767 1402 1855 posset
1422 1766 1541 1828 tamen
1564 1775 1614 1828 ea
1635 1752 1686 1828 ad
1738 1775 1801 1830 re-

417 1880 491 1934 ·ces
529 1853 760 1932 honestarum
818 1877 1030 1930 crsonurum
1067 1878 1147 1928 curn
1173 1849 1403 1930 Custodibus
1439 1876 1562 1928 eurum
1587 1864 1693 1930 osten
1721 1874 1800 1943 ere,

300 2004 305 2011 -
449 1978 495 2032 ue
521 1956 638 2028 omnia
663 1967 748 2026 tuno
807 1955 983 2052 piscopos
1005 1946 1263 2051 Augustensis
1294 1948 1489 2028 attendens
1522 1974 1612 2026 esse
1635 1952 1737 2027 licita
1759 1961 1800 2028 et

449 2064 577 2128 onesta
602 2065 638 2128 et
664 2049 951 2136 dicteecclesie
976 2053 1079 2126 utilia
1109 2075 1179 2126 sna
1203 2050 1389 2126 ordinaria
1413 2051 1626 2126 auotoritute
1661 2073 1800 2151 appro-

422 2151 522 2228 bnuit
552 2161 589 2229 et
620 2149 841 2228 confirmauit
872 2171 1048 2248 suumque
1081 2151 1117 2222 in
1150 2150 1227 2224 illis
1259 2149 1447 2238 decretum
1480 2151 1800 2226 etauctoritatem

423 2252 638 2351 interposuit
675 2260 781 2348 prout
821 2251 856 2324 in
899 2248 1111 2348 quibusdam
1148 2249 1308 2348 publicis
1348 2249 1595 2324 instrumentis
1636 2247 1802 2348 desuper

349 2379 355 2388 ·
424 2349 618 2440 confectis,
644 2347 777 2426 dicitur
800 2347 947 2446 plenius
974 2350 1162 2422 corrtineri.
1213 2348 1338 2438 Quare
1372 2372 1439 2448 pro
1463 2345 1737 2448 parteDecaui
1761 2359 1801 2424 et

423 2443 586 2549 Capituli
609 2448 854 2548 predictorum
880 2449 986 2522 nobis
1011 2447 1078 2522 fuit
1101 2445 1283 2525 humiliter
1305 2449 1567 2547 supplicatum,
1591 2458 1631 2522 ut
1655 2447 1803 2523 statutis

422 2558 460 2638 et
475 2542 771 2638 ordinationibus
795 2544 985 2646 predictis,
1011 2569 1080 2646 pro
1094 2546 1238 2620 illorum
1252 2545 1490 2624 subsistentia
1503 2545 1663 2638 firmiori,
1687 2545 1802 2622 robur

422 2643 629 2748 apostolice
656 2644 935 2722 confirmationis
960 2641 1127 2744 ndJicere
1150 2645 1318 2743 aliusque
1342 2646 1381 2720 in
1404 2647 1597 2746 premissis
1621 2655 1803 2746 oportune

420 2745 623 2848 prouidere
655 2743 702 2820 de
729 2745 928 2840 benigitete
964 2743 1170 2844 apostoliea
1201 2743 1448 2841 dignaremur·
1491 2743 1578 2820 Nos
1602 2747 1713 2844 igitur
1737 2741 1802 2843 qui

422 2845 663 2940 ecelesiarum
703 2845 858 2918 omnium
893 2857 1086 2942 rerumque
1110 2843 1461 2930 <ecclesiasticorum
1496 2845 1607 2920 statui
1642 2844 1802 2920 libenter

422 2943 658 3034 consulimus,
682 2939 847 3041 prelatos
873 2942 1063 3016 Decumum
1088 2954 1126 3018 et
1150 2938 1383 3042 Capitulum,
1408 2965 1454 3018 ac
1477 2957 1604 3018 eorum
1628 2943 1800 3042 singulos

422 3062 447 3115 tt
472 3041 664 3139 quibusuis
691 3041 1070 3130 excommunicationis
1089 3043 1348 3139 suspensionis
1372 3051 1410 3118 et
1424 3040 1617 3118 interdicti
1640 3041 1800 3140 aliisque

423 3139 696 3220 ecclesiasticis
723 3140 914 3214 sententiis
939 3139 1107 3214 censuris
1141 3153 1179 3213 et
1204 3143 1311 3239 penis
1336 3142 1463 3218 aiore
1493 3141 1557 3214 nel
1580 3141 1627 3216 nb
1653 3137 1800 3220 bomine

421 3241 552 3340 queuis
577 3240 776 3314 occasione
802 3237 864 3312 uel
890 3259 1005 3314 cuusa
1028 3239 1120 3312 satis
1143 3239 1312 3337 siquibus
1338 3237 1608 3338 quomodolibet
1634 3237 1800 3315 innodati

341 3361 344 3368 ’
422 3342 594 3428 existunt,
619 3331 668 3411 ad
687 3337 854 3412 effectum
871 3339 1117 3437 prensentium
1135 3336 1312 3413 duntaxnt
1336 3337 1645 3437 consequendum,
1671 3337 1800 3416 burum

421 3439 523 3516 serie
549 3432 785 3510 absolnontes
810 3445 846 3512 et
871 3433 1070 3512 absolutos
1084 3435 1166 3512 sore
1188 3447 1398 3528 censentes,
1422 3435 1631 3512 huiusmodi
1653 3437 1800 3538 suppli-

423 3535 625 3612 cationibus
650 3534 813 3610 inclinati
845 3547 977 3611 statuta
1008 3547 1046 3610 et
1078 3535 1329 3614 ordinationes
1352 3534 1579 3624 huiusmodi,
1609 3558 1657 3611 ao
1691 3545 1801 3638 prout

419 3635 487 3712 illa
512 3643 753 3726 concernunt,
787 3636 904 3710 omniu
929 3643 966 3712 et
990 3635 1139 3733 singula
1162 3636 1199 3713 in
1225 3634 1333 3712 dietis
1356 3637 1603 3710 instrumentis
1627 3645 1800 3712 contente

421 3745 458 3812 et
483 3727 569 3808 inde
594 3745 724 3811 secuta
749 3755 966 3833 quecunque
996 3736 1212 3829 auctoritate
1243 3734 1448 3836 apostolica
1476 3748 1607 3810 tenore
1638 3756 1797 3831 presen-

418 3833 504 3906 tium
530 3831 770 3932 approbamus
796 3847 832 3910 et
856 3833 1129 3926 confirmamus,
1163 3858 1214 3910 ac.
1234 3835 1420 3934 presentis
1444 3835 1572 3935 scripti
1598 3833 1798 3933 patrocinio

421 3933 686 4024 communimus,
711 3933 1078 4034 supplenteaournes
1103 3931 1334 4030 etsiugulos
1361 3932 1531 4009 deiectus
1550 3934 1647 4030 siqui
1667 3931 1797 4008 forsan

419 4029 683 4108 interuenerint
705 4033 743 4108 in
770 4031 931 4126 eisdem,
954 4031 1041 4110 Nou
1066 4033 1293 4111 obstantibus
1319 4028 1644 4111 constitutionibus
1669 4041 1706 4111 et
1731 4053 1799 4106 or·

420 4121 663 4218 dirutionibus
702 4131 938 4236 apostolicis,
974 4156 1049 4228 ‚uo
1070 4133 1216 4226 stetutis
1253 4145 1290 4211 ot
1329 4131 1655 4220 manuninum
1694 4125 1798 4210 dieto
