4209 5034
716 553 986 662 episcopatus
1014 556 1271 674 Augustani.
1593 563 1693 696 ui
1785 607 1791 614 ’

300 784 452 886 generis
478 779 526 857 de
552 781 712 878 legitime
738 785 960 861 matrimonio
983 797 1224 886 procreatos,
1261 785 1439 888 deinceps
1473 735 1566 866 rere
1599 815 1689 894 per-

300 885 425 990 petuis
450 881 584 960 fntnris
609 882 832 982 temporibus
858 883 905 959 ad
931 907 999 961 nor
1025 897 1062 963 et
1082 885 1342 965 successores
1361 899 1509 973 nostros
1526 889 1688 992 llpisco-

301 1007 371 1087 pns
397 981 657 1080 Angustenses
683 1005 750 1084 pro
774 993 937 1086 ternpore
962 987 1169 1064 existentes
1199 985 1334 1064 debeat
1358 991 1544 1087 pertinere
1568 988 1689 1069 Jnxte

174 1127 180 1136 ·
301 1077 444 1160 modum
480 1080 690 1178 etsormsm
726 1086 762 1158 in
794 1081 910 1160 literis
944 1083 1152 1162 dotacionis
1186 1099 1377 1164 contentos
1412 1090 1473 1188 qni
1506 1093 1685 1189 quociens

300 1183 871 1362 itttttl'tttttl‘*
887 1183 1686 1366 tttttli'iiitttti‘ltilii*

1481 1313 1493 1361 r
1565 1313 1613 1364 er

300 1383 456 1460 Viearie
481 1383 661 1482 generali,
686 1380 867 1484 ydoneam
882 1395 1035 1460 ettamen
1056 1381 1273 1462 Secularem
1291 1310 1486 1486 personui:
1504 1382 1553 1461 ad
1569 1313 1686 1491 ipnqq

301 1483 447 1559 missam
466 1481 643 1558 carroniee
661 1479 916 1557 instituendum
934 1479 1085 1560 debebit
1102 1497 1319 1585 presentare
1334 1479 1408 1560 Cui
1431 1481 1574 1584 quidem
1621 1511 1684 1564 er·

301 1602 395 1658 sone
419 1585 578 1658 institute
604 1581 749 1656 fructas
775 1580 940 1658 reddrtns
976 1595 1012 1676 et
1038 1595 1239 1684 prouentus
1271 1582 1370 1660 diete
1401 1587 1512 1661 misse
1543 1514 1687 1673 coiere

301 1679 462 1760 debeant
488 1694 524 1758 et
548 1683 696 1784 penitus
721 1681 910 1758 nbuenire.
956 1682 1116 1786 Insuper
1141 1683 1307 1759 rolnmns
1333 1679 1432 1783 qnod
1455 1679 1684 1784 Capelianus

300 1782 349 1860 ad
374 1777 506 1858 dietam
532 1783 677 1857 missam
703 1781 886 1857 institutus
936 1782 1070 1858 lebano
1086 1785 1123 1858 in
1142 1779 1421 1885 pledenbunsen
1436 1807 1504 1884 pro
1520 1795 1684 1886 tempore

301 1883 477 1964 existenti
510 1881 547 1958 in
580 1881 681 1956 nullo
708 1805 962 1982 preindiciaiis
989 1884 1144 1974 existet,
1170 1877 1255 1960 Sed
1285 1903 1412 1958 onnes
1446 1893 1485 1957 et
1515 1882 1684 1984 singulas

300 1981 515 2080 oblaciones
541 1975 593 2056 ed
617 1979 733 2056 altare
785 1981 1019 2058 rouenientes
1052 1983 1123 2058 snb
1157 1975 1281 2056 debito
1317 1977 1448 2084 prelati
1480 1977 1685 2059 Jurementi

197 2145 207 2152 .
300 2081 383 2159 siue
409 2077 497 2171 dolo
524 2091 561 2156 et
585 2077 717 2157 ireude
744 2006 843 2158 ciero
866 2081 1024 2186 plebeno
1050 2081 1278 2179 integraliter
1302 2091 1490 2180 presentet
1522 2091 1561 2156 et
1584 2083 1686 2158 assi·

289 2194 404 2282 guet-
422 2205 467 2258 ae
502 2170 595 2261 eiies
616 2177 794 2280 ¹bonorem
832 2195 869 2256 et
908 2177 1130 2256 commodum
1165 2178 1329 2261 ecclesie
1389 2177 1609 2256 erroebielis
1646 2194 1684 2258 et

242 2307 248 2316 ·
299 2270 450 2461 qiebeni
474 2273 720 2381 predictorum
746 2277 892 2356 studeat
917 2279 1160 2357 effectualiter
1196 2301 1263 2380 pro
1295 2205 1438 2356 virssus
1464 2302 1683 2381 promouere

336 2391 483 2458 reterea
507 2377 676 2456 volumus
712 2389 748 2456 et
781 2373 985 2457 ordinando
1021 2377 1226 2456 inhibemus
1257 2399 1306 2454 ne
1333 2373 1390 2462 Ca
1417 2376 1562 2454 elianus
1595 2401 1684 2480 pre-

137 2510 141 2519 ¹
302 2479 423 2559 dictur
457 2477 685 2556 (telonibus
719 2475 818 2556 dicte
851 2475 1094 2579 parrochialis
1127 2475 1293 2554 ecclesie
1325 2477 1364 2552 in
1428 2473 1684 2554 saffenbansen

301 2581 578 2682 quibuscunque
604 2574 791 2656 celeribus
824 2579 1019 2677 exquisitis
1052 2579 1242 2680 quicquam
1274 2573 1346 2652 sibi
1377 2572 1581 2652 vendicare
1613 2597 1685 2650 seu

300 2701 484 2780 usurpare
511 2688 714 2782 presumat,
751 2700 822 2754 nee
853 2675 904 2754 de
935 2690 1241 2756 sacramentorum
1272 2669 1595 2752 administracione
1621 2671 1686 2752 uel

300 2777 576 2896 quibuscunque
610 2775 879 2854 ecclesiasticis
915 2777 1058 2854 actibus
1097 2771 1147 2852 ed
1180 2770 1373 2877 plebanum
1408 2769 1456 2850 de
1489 2771 1585 2850 Jure
1619 2771 1683 2848 uel

302 2875 567 2980 consuetudine
594 2877 844 2978 spectantibus
870 2899 915 2954 se
940 2876 1148 2976 aliqualiter
1167 2875 1376 2952 intromittet
1408 2873 1480 2949 nisi
1504 2895 1574 2976 per
1598 2869 1683 2974 ple·

301 2975 431 3064 bannm
454 2979 653 3154 requisitus
678 2975 789 3052 inerit
805 2975 876 3062 uel
903 2991 1055 3078 rogatus
1082 2973 1147 3052 vel
1171 2998 1219 3052 ex
1242 2997 1358 3052 causa
1378 2971 1538 3076 legitime
1552 2971 1684 3050 eodem

303 3074 460 3182 plebano
485 3103 508 3154 a
533 3087 638 3154 sente
665 3075 809 3176 quando
836 3079 1043 3155 necessitas
1078 3099 1149 3176 que
1174 3075 1261 3170 lege
1287 3081 1391 3150 curet
1416 3069 1575 3149 euidens
1600 3074 1684 3148 sine
1811 3125 1820 3138 ,

301 3177 493 3256 manifesta
528 3175 601 3254 bec
634 3174 754 3274 exigit
789 3189 826 3252 et
859 3177 1007 3276 requirit
1046 3187 1183 3252 extunc
1223 3169 1335 3249 debet
1372 3169 1492 3248 eidem
1524 3171 1684 3272 plebano

301 3273 467 3380 discrete
497 3288 536 3354 et
567 3273 811 3352 effectualiter
843 3277 879 3352 in
913 3272 1044 3352 talibus
1071 3275 1276 3376 suffragari.
1316 3271 1408 3348 Item
1442 3272 1610 3346 velumus
1643 3277 1684 3344 vt

303 3372 533 3480 Capelianus
568 3377 605 3452 in
636 3373 735 3452 dicta
767 3373 857 3452 ville
880 3373 1126 3476 personaliter
1159 3369 1324 3448 resideat
1357 3381 1394 3445 et
1427 3371 1573 3447 missam
1605 3366 1685 3444 ire·

303 3491 457 3579 quentcr
483 3489 520 3554 et
542 3473 696 3552 assidue
721 3475 822 3574 legat
854 3498 960 3552 mene
995 3468 1088 3550 bora
1121 3481 1299 3550 cormueta
1329 3492 1375 3546 uc
1406 3470 1520 3546 misse
1552 3465 1684 3542 buius·

301 3575 399 3657 modi
425 3578 464 3654 in
490 3573 622 3652 diuinis
647 3571 881 3652 landabiliter
907 3573 1096 3650 deseruiat
1132 3571 1182 3648 Et
1216 3569 1373 3674 plebano
1398 3582 1561 3669 ternpore
1587 3565 1686 3640 diui·

301 3701 428 3754 norum
454 3687 491 3752 et
514 3675 691 3775 precipue
715 3680 752 3754 iu
774 3673 1036 3752 festinitatibus
1060 3669 1225 3769 legendo
1248 3683 1286 3744 et
1306 3665 1485 3744 canendo
1502 3667 1685 3742 assisten·
1829 3661 1855 3757 ‚'

302 3779 395 3860 dam
433 3775 543 3854 saciat
580 3783 687 3878 prout
726 3777 763 3850 in
802 3773 920 3851 literis
955 3771 1161 3850 dotacionis
1193 3769 1340 3872 plenius
1375 3765 1589 3843 continetur·
1639 3763 1686 3840 In

303 3901 453 4000 quorun
478 3875 630 3994 omnium
656 3887 694 3952 et
718 3871 943 4050 i¹¹¹qi⁰¹⁰¹¹¹l¹¹
968 3869 1078 3991 iidem
1103 3886 1141 3948 et
1164 3865 1402 3988 testimonium
1426 3867 1686 3982 premissqrum

301 3987 498 4082 presentes
523 3976 651 4052 luteres
677 3997 763 4055 exin
793 3997 814 4049 e
839 3971 919 4050 ben
933 3969 1135 4071 Srgdbque
1155 3979 1271 4046 unstrr
1283 3990 1459 4047 iussimus
1475 3978 1512 4042 et
1527 3964 1685 4043 fecimus
1788 4030 1795 4038 .

299 4107 327 4162 a
352 4077 532 4198 pensione
556 4075 773 4150 communiri.
818 4074 952 4150 Datum
977 4083 1014 4148 et
1038 4071 1172 4148 Actum
1202 4073 1377 4168 Auguste
1410 4065 1522 4143 Anno
1556 4059 1688 4139 domini
1797 4139 1811 4148 ,,
1864 4092 1868 4100 -

348 4173 516 4256 illesime
533 4171 891 4276 quadringentesimo
918 4163 1195 4274 septuagesimo
1209 4169 1365 4271 septimo
1383 4167 1423 4242 xi
1438 4165 1562 4242 kalen·
1580 4159 1687 4238 Julii.
