4209 5034
533 563 537 575 ,
644 459 934 585 'episcopatus
962 432 1224 591 Augustani.
1406 380 1419 427 Ἰ
1565 434 1678 563 209

274 704 451 811 hospitali
477 710 595 783 sancti
620 708 771 813 spiritns
792 702 932 813 Oppidi
954 710 1070 787 nostri
1096 706 1261 809 dilingen
1286 704 1454 809 prouicto
1471 730 1543 789 sen
1562 712 1679 794 missa

276 816 459 931 perpetue
483 806 627 885 Altaris
653 806 821 886 eiusdem
860 822 896 886 et
956 808 1165 886 resentilous
1199 810 1344 883 ruimus
1379 812 1605 889 annectimus
1638 824 1688 891 et.

273 930 553 1011 mcorporamns
591 905 664 985 lriis
696 909 883 1014 inscriptis
916 834 1059 987 fientes
1094 925 1132 985 et
1165 902 1418 985 concedentes
1452 903 1563 987 dicto·
1585 934 1677 1018 cap·

271 1009 425 1114 pellano
458 1004 606 1085 Altaris
637 1008 755 1085 sancti
786 1006 964 1087 Anthonii
998 1033 1069 1087 seu
1101 1010 1217 1087 misse
1243 1009 1363 1129 ipsius
1387 1020 1572 1113 perpetue
1607 1034 1677 1113 per

273 1134 348 1186 nos
380 1121 443 1184 aut
475 1121 625 1187 nostros
657 1134 908 1189 successores
943 1102 1144 1215 adipsum
1178 1105 1302 1191 (lobrte
1337 1108 1501 1188 instituto
1526 1110 1677 1213 plenam

276 1222 318 1289 et
340 1208 494 1287 liberam
518 1221 738 1331 potestatem
764 1232 890 1289 omncs
913 1210 1058 1290 tructus
1084 1208 1252 1291 redditus
1279 1219 1315 1289 et
1341 1220 1545 1312 prouentus
1571 1213 1678 1293 eius·

275 1308 363 1386 dem
390 1309 554 1387 eoeleste
581 1322 618 1387 ct
642 1315 760 1417 ipsius
784 1313 993 1389 attinenciis
1027 1321 1067 1387 ut
1092 1312 1329 1413 prescribitur
1353 1334 1450 1387 nnnc
1476 1320 1515 1391 ot
1538 1314 1677 1414 imper-
1818 1382 1822 1395 .

302 1421 428 1487 etuum
456 1407 656 1511 colligendi
682 1413 888 1513 recipiendi
922 1423 959 1489 et
992 1413 1029 1487 iu
1065 1434 1155 1518 spos
1192 1436 1285 1487 rsus
1324 1408 1565 1489 conuertendi
1603 1435 1675 1492 seu

273 1436 462 1613 geinceps
483 1504 704 1613 disponendi
719 1536 786 1615 pro
807 1536 877 1587 sna
897 1534 1060 1613 congrua
1079 1512 1357 1590 sustentacionc
1382 1520 1489 1611 prout
1511 1534 1581 1589 sna
1602 1513 1676 1589 sti-

273 1611 371 1687 litati
395 1611 542 1687 nouerit
557 1610 751 1713 expedire.
777 1608 862 1688 lioc
882 1613 997 1687 eciam
1019 1610 1166 1689 adiecto
1192 1610 1291 1715 quod
1311 1632 1382 1711 cap
1409 1606 1555 1689 elianus
1574 1604 1676 1715 dicte

198 1764 202 1769 -
274 1712 445 1815 missep
538 1722 601 1788 tue
623 1710 768 1788 Alianis
793 1713 913 1788 sancti
931 1708 1111 1789 Anthonii
1136 1706 1316 1813 deinceps
1340 1636 1447 1791 00113
1474 1724 1511 1789 et
1536 1712 1675 1789 nostris

276 1814 493 1887 successori
520 1834 567 1885 ns
592 1809 822 1888 sacerdotem
846 1810 1031 1912 ydoneum
1066 1812 1274 1891 secularem
1307 1836 1375 1917 pro
1408 1824 1590 1929 perpetuo
1614 1812 1675 1889 si.-

276 1913 378 1987 cario
430 1930 474 1986 er
499 1932 569 1986 nos
595 1906 823 1987 adeundam
849 1909 1049 1992 ecclesiam
1075 1910 1342 2017 parrochialem
1374 1912 1412 1987 in
1437 1902 1674 2013 Krcklinger't

277 2033 347 2086 sen
371 1933 484 2085 011ιιιι
508 2012 629 2113 ipsius
652 2014 689 2087 iu
712 2009 862 2087 Kirstat
887 2034 967 2089 curu
994 2012 1140 2113 qnando
1165 2024 1203 2089 et
1228 2012 1379 2114 quocies
1402 2013 1518 2111 ipsam
1533 2034 1673 2100 vacare

279 2112 475 2211 contigerit
498 2108 663 2209 legitime
686 2107 946 2188 instituentium
973 2112 1153 2189 mnonice
1185 2120 1380 2217 presentet
1409 2124 1446 2187 et
1473 2110 1579 2189 nobis
1604 2134 1675 2197 no÷

280 2213 441 2312 strisque
464 2212 753 2289 successoribus
774 2212 857 2287 iura
878 2223 1003 2288 nostra
1022 2208 1211 2289 ordinaria
1225 2213 1477 2313 primariorum
1491 2208 1673 2289 fructuum
1735 2276 1738 2285 .

283 2320 318 2385 et
340 2310 500 2387 oliorum
525 2313 669 2390 nomine
695 2310 791 2387 dicte
818 2312 983 2388 ecclesie
1007 2324 1115 2415 prout
1136 2306 1189 2387 sle
1216 2314 1298 2389 iura
1323 2322 1468 2387 tenetur
1499 2304 1611 2387 donet
1636 2322 1674 2389 et

288 2412 449 2511 assignet
482 2430 531 2486 ac
566 2408 615 2487 tle
650 2408 795 2486 eisdem
819 2410 1026 2486 satisfaciat
1052 2434 1135 2489 cum
1161 2408 1308 2501 effectu,
1350 2404 1424 2487 Cui
1450 2408 1507 2487 sic
1531 2410 1674 2487 vicario

293 2506 338 2583 ie
360 2507 524 2585 eiusdem
549 2510 718 2587 ecclesie
742 2508 926 2589 fructibus
958 2532 1027 2615 pro
1052 2532 1123 2585 sua
1149 2509 1422 2585 sustentacionc
1446 2528 1611 2607 congrus
1636 2520 1674 2589 et

294 2608 520 2688 neccessario
538 2605 625 2686 talis
643 2604 840 2713 deputetur
887 2606 1062 2695 rebenda,
1088 2606 1138 2687 de
1154 2634 1225 2711 qna
1242 2606 1524 2713 hospitalitatem
1541 2619 1671 2689 tenore

291 2706 367 2783 ium
390 2708 615 2811 episcopalia
638 2712 696 2785 sic
716 2718 755 2785 et
774 2710 855 2787 Arc
881 2708 1114 2813 ‘dyaoooualia
1132 2707 1366 2811 persoluere,
1391 2732 1435 2785 sc
1456 2706 1530 2789 ulia
1548 2732 1671 2788 emer·

284 2809 414 2908 geneis
438 2818 477 2885 et
498 2808 750 2909 incumbancia
774 2832 889 2887 onera
914 2811 1014 2887 dicte
1040 2808 1205 2898 ecclesia
1230 2810 1349 2915 possit
1375 2816 1413 2885 et
1427 2808 1550 2887 vulcat
1565 2832 1670 2907 ¹corn-

279 2906 386 2984 uorle
411 2919 642 3029 supportare.
665 2908 850 2987 Volumus
874 2910 1028 3015 iusuper
1053 2918 1091 2987 et
1120 2908 1330 2987 ordinamus
1357 2906 1456 3009 quoti
1479 2908 1578 2990 idem
1602 2932 1670 2987 ss·

278 3002 416 3084 ccrtlos
441 3032 498 3083 src
521 3030 591 3112 per
615 3032 686 3085 uos
710 3018 774 3085 aut
797 3022 945 3088 nostros
969 3032 1221 3088 successores
1247 3010 1433 3087 institutus
1466 3007 1514 3085 atl
1542 3008 1670 3087 eccla-

275 3110 369 3186 siam
408 3109 446 3182 in
468 3106 706 3204 Kicklingeu
757 3109 933 3187 redictum
965 3133 1037 3186 sen
1071 3110 1155 3187 eins
1188 3108 1296 3187 liliam
1329 3111 1366 3185 in
1389 3106 1535 3189 Kirstat
1569 3112 1668 3205 resi-

273 3206 449 3285 tlenciam
485 3209 524 3284 in
558 3202 689 3286 eadam
722 3134 836 3287 111010
888 3210 1095 3286 ersorralern
1133 3222 1173 3285 ut
1206 3221 1351 3285 tenetur
1377 3206 1486 3301 Quod
1512 3210 1547 3287 si
1571 3202 1671 3287 idem

268 3302 465 3389 sacerdos
496 3310 680 3385 institutus
711 3330 814 3387 ssa
872 3312 945 3386 ‘cta
981 3334 1050 3385 sua
1084 3308 1252 3386 ecclesia
1286 3330 1357 3385 seu
1396 3304 1474 3383 lilia
1506 3307 1555 3385 ad
1594 3332 1671 3409 sex,
1775 3378 1777 3387 .

268 3430 429 3487 menses
460 3408 522 3484 uel
553 3406 663 3486 vltra.
682 3420 813 3487 contra
846 3429 1066 3487 consensum
1099 3420 1136 3485 et
1162 3408 1381 3499 voluntatem
1414 3416 1572 3487 nostram
1604 3420 1701 3489 aut*
1852 3431 1863 3441 ·

265 3503 471 3588 collatoris
501 3506 636 3611 prefati
668 3512 944 3602 contumaciter,
962 3508 1212 3587 abseutsuerit
1244 3510 1327 3585 sinc
1361 3530 1475 3589 cansa
1506 3508 1675 3614 legitima¹

168 3685 173 3692 ,
268 3624 418 3688 extunc
442 3610 559 3684 statim
582 3610 667 3712 ipso
692 3606 794 3686 iacto
811 3609 915 3687 nulla
931 3608 1137 3688 municione
1157 3632 1227 3685 sen
1252 3608 1472 3709 cognicione
1487 3610 1670 3711 premissa
1734 3650 1739 3655 ·

264 3705 359 3811 ipso
388 3703 573 3785 beneficio
607 3728 677 3785 seu
710 3708 876 3787 ecclesia
908 3710 958 3785 sit
984 3712 1156 3831 priuatus
1194 3720 1231 3785 et
1266 3708 1424 3801 totaliter
1459 3706 1677 3811 destitutus,

264 3808 426 3913 prefato
467 3828 613 3914 quoquo
652 3806 822 3885 collaturi
856 3806 1054 3887 licenciam
1094 3805 1222 3884 damus
1262 3806 1374 3887 alium
1410 3806 1669 3929 presbyterum

263 3908 465 4013 ydoneum
490 3906 538 3983 ad
566 3902 720 3984 eandem
738 3910 937 3987 ecclesiam
952 3906 1194 4013 presentandi
1221 3906 1338 3985 modis
1365 3920 1402 3987 et
1425 3908 1553 3989 lornns
1577 3932 1668 4005 pre·

267 4008 473 4109 conceptis
496 4002 651 4084 Nostris
674 4022 793 4087 umen
817 4008 959 4088 iuribus
982 4003 1180 4087 ordinariis
1204 4010 1240 4087 in
1264 4008 1431 4087 omnibus
1456 4020 1493 4089 ut
1544 4008 1669 4103 rotet,-

263 4120 333 4186 tur
379 4109 530 4210 semper
567 4104 697 4186 saluis·
757 4102 852 4188 Gom
883 4125 1005 4187 autern
1043 4106 1201 4187 Vlricus
1240 4108 1466 4210 Burggrauii
1529 4130 1668 4186 ecanus

1271 4224 1333 4303 27
