4209 5034
921 451 928 468 ¹
963 487 1232 576 Monumenta

807 983 810 992 .
945 900 1243 986 xxxxvm.
1366 951 1376 958 -

747 1199 749 1204 .
864 1137 952 1196 anno
972 1137 1068 1199 rear.
1096 1096 1366 1210 ramponem.

432 1329 462 1412 J
465 1308 653 1415 ohannes
689 1332 810 1446 Vogt
848 1329 1067 1426 Constant.
1106 1335 1333 1418 canonicus
1368 1334 1423 1415 et
1457 1329 1696 1419 Burlrhardi
1740 1336 1809 1441 epi

433 1449 564 1532 vicar.
595 1452 785 1562 general.
818 1449 1099 1536 fundationem
1134 1455 1365 1557 perpetuae
1403 1449 1553 1569 missae
1589 1451 1633 1535 in
1670 1452 1809 1535 ccele-

459 1571 464 1578 ’
864 1569 928 1654 sia
955 1567 1147 1651 kathedr.
1178 1563 1365 1651 ratificat.

532 1812 577 1888 ln
610 1817 754 1895 nominc
794 1809 929 1892 domini
966 1838 1072 1892 amen
1104 1811 1297 1890 Johannes
1335 1812 1439 1913 Vogt
1476 1814 1731 1914 Augusteusis
1774 1826 1813 1890 ct

433 1907 765 2011 Constanciensis'
784 1917 1027 1992 ecclesiarum
1071 1911 1284 1992 Canonicns
1326 1935 1470 1989 necnon
1517 1913 1735 1991 Reuerendi
1775 1917 1813 1988 in

433 2007 585 2088 Christo
609 2017 724 2114 patris
750 2027 787 2090 ct
812 2014 946 2089 domini
972 2014 1105 2090 domini
1119 2009 1308 2090 Bnrkardi
1332 2011 1394 2086 dei
1418 2026 1456 2088 et
1479 2015 1685 2185 apostolice
1707 2010 1812 2090 sedis

435 2111 564 2208 gracia
596 2115 765 2212 episcopi
797 2114 964 2190 ecclesio
982 2115 1245 2212 magnatensis
1283 2114 1322 2185 in
1353 2113 1506 2210 spiritua
1521 2113 1604 2188 ibus
1636 2113 1814 2188 Vicarius

388 2221 392 2238 '
434 2209 634 2307 generalis.
685 2212 882 2288 Vniuersis
909 2209 1050 2290 Christi
1073 2211 1246 2288 fidelibus
1276 2220 1347 2284 tam
1371 2213 1602 2310 presentibus
1627 2234 1729 2310 quam
1755 2210 1816 2285 ln-

430 2310 526 2382 tnris
551 2320 746 2408 presentes
770 2309 901 2387 literas
919 2312 1156 2413 inspecturis.
1181 2308 1346 2388 Salutem
1372 2319 1443 2385 etc·
1471 2305 1565 2386 Cum
1581 2309 1816 2386 Honorabilis

437 2418 475 2482 ct
500 2403 802 2510 circumspectus
825 2412 885 2485 vir
909 2409 1075 2486 dominus
1097 2409 1275 2508 qnondam
1292 2405 1541 2506 Marquardus
1567 2407 1616 2483 de
1634 2407 1818 2508 Randcgg

436 2503 679 2583 Decretorum
694 2509 838 2584 Doctor
853 2505 1067 2586 Canonicus
1084 2510 1273 2585 ecclesiae
1287 2509 1542 2606 Angustensis
1563 2507 1731 2610 predicte
1747 2520 1818 2584 etc.

438 2600 487 2678 ad
511 2605 656 2680 laudem
683 2617 720 2683 et
744 2607 1147 2685 honoremsanctornm
1171 2607 1340 2682 Victoris
1366 2619 1402 2682 et
1436 2607 1511 2682 Viti
1528 2640 1531 2654 ·
1547 2616 1742 2706 martyrum
1780 2619 1818 2682 ct

437 2714 642 2779 sanctarum
667 2706 876 2782 Katherine
901 2717 939 2784 et
963 2705 1114 2782 lllarthe
1143 2708 1324 2803 virginum
1354 2709 1392 2780 in
1417 2704 1648 2782 Monasterio
1680 2705 1817 2805 glorio·
1842 2710 1849 2732 ¹

435 2801 583 2876 sicsine
607 2805 746 2900 viginis
769 2803 894 2888 Mario
920 2805 1087 2881 ecclesie
1114 2802 1355 2879 Kathedralis
1370 2803 1624 2902 Augustensis
1649 2805 1687 2878 in
1711 2805 1818 2881 altari

463 2894 539 2972 uod
564 2904 769 2977 construxit
804 2901 979 3004 quondam
1012 2895 1378 3004 llcuercndissimus¹
1398 2905 1435 2976 in
1462 2899 1614 2978 Christo
1646 2915 1752 3002 pater
1783 2914 1819 2980 et

439 2921 607 3073 lominus
644 2998 811 3076 dominus
844 2999 1093 3101 lllarquardns
1127 3000 1175 3079 de
1213 2999 1396 3101 Randegg
1427 3003 1577 3101 primum
1607 3002 1819 3105 Episcopus

442 3097 621 3173 Ecclesie
646 3103 884 3198 augustensis
909 3101 1167 3202 prenominato.
1203 3099 1352 3176 Deinde
1377 3111 1505 3176 sancte
1529 3097 1635 3177 sedis
1661 3103 1820 3202 Aquile-

440 3198 570 3370 fensis
595 3197 808 3276 Patriarcha
833 3197 1072 3299 dignissimus
1105 3197 1312 3276 accedente
1338 3223 1524 3276 consensu
1549 3210 1586 3276 ct
1610 3197 1727 3276 libera
1750 3223 1820 3276 ro-

456 3307 578 3373 nntate
603 3296 818 3374 Reuerendi
841 3301 879 3375 in
905 3297 1055 3375 (lhristo
1080 3301 1195 3399 patris
1220 3311 1258 3374 et
1283 3299 1418 3374 domini
1439 3301 1554 3374 nostri
1576 3297 1709 3374 domini
1723 3302 1821 3375 Bur-

442 3395 553 3472 kardi
576 3398 830 3493 Augustensis
856 3398 1022 3474 ecclesie
1039 3397 1181 3499 Episco
1208 3399 1221 3472 i
1242 3401 1411 3500 prelibati
1433 3423 1540 3475 vnam
1563 3399 1711 3474 missam
1736 3421 1823 3500 per·

443 3505 587 3595 petuam
611 3497 648 3570 in
676 3496 774 3575 dicta
799 3497 966 3574 ecclesia
984 3424 1208 3574 Kathedrali
1231 3520 1346 3598 super
1370 3498 1473 3573 altari
1498 3508 1705 3575 sanctorum
1727 3521 1823 3574 mar·

446 3605 565 3690 tyrum
590 3606 633 3676 et,
651 3597 829 3696 virginum
856 3593 1102 3698 predictorum
1125 3620 1195 3698 per
1220 3614 1305 3673 etue
1338 3596 1470 3672 futuris
1501 3598 1726 3697 temporibus
1757 3618 1825 3699 per

445 3692 646 3792 specialem
671 3695 902 3770 sacerdotem
927 3708 1081 3771 attamen
1105 3623 1315 3772 secularem
1340 3695 1490 3772 cottidie
1510 3693 1765 3774 celebrandam
1787 3707 1825 3770 et

443 3790 691 3892 peragendam
716 3793 764 3869 de
790 3795 903 3870 certis
928 3791 1083 3872 decimis
1114 3806 1152 3871 et
1175 3794 1380 3872 redditibus
1406 3796 1580 3872 bonorum
1606 3806 1645 3871 et
1668 3817 1825 3896 posses·

444 3891 585 3965 sionum
616 3895 775 3994 propriis
808 3916 876 4012 per
908 3893 1065 3969 eundem
1098 3895 1230 3995 emptis
1266 3905 1304 3970 et
1336 3897 1433 3970 iusto
1464 3895 1696 3969 vendicionis
1721 3891 1825 3968 titulo

445 3993 660 4086 comparatis
687 4002 791 4093 prout
816 4017 853 4066 rn
877 3991 996 4068 literis
1021 3989 1185 4092 desuper
1218 3992 1329 4070 editis
1361 4006 1399 4069 et
1424 3993 1605 4068 contectis
1630 3986 1825 4067 euidenter

294 4121 299 4140 ·
448 4095 600 4189 appa'ret
623 4088 774 4168 duxerit
793 4089 983 4167 dolandam
1007 4088 1231 4167 fundandam
1263 4102 1302 4168 et
1335 4090 1384 4168 de
1409 4115 1517 4166 nono
1531 4088 1824 4165 construendam.

450 4189 554 4264 nobis
578 4191 700 4288 itaque
734 4189 972 4268 deuotissime
1004 4211 1073 4292 per
1106 4189 1263 4266 eundem
1295 4189 1473 4290 quondam
1510 4188 1690 4265 dominum
1722 4187 1826 4266 lllar·

2016 3771 2033 4034 Ξ·ῼ”
2017 3654 2031 3727 4.-

2016 4070 2033 4438 -”,-”
