4209 5034
461 545 528 644 '72
945 553 970 611 ''-
1029 531 1300 696 lincamenta

462 798 500 866 et
523 787 692 866 volumus
717 812 825 866 vnum
849 783 1082 868 sacerdotem
1102 790 1311 870 secularem
1334 811 1405 894 per
1428 785 1825 866 nostraslitteraeinira

457 895 600 991 tempus
626 887 785 965 debitum
809 914 882 996 sne
903 885 1213 968 reuerendiesime
1246 890 1451 993 paternitati
1475 899 1514 965 et
1549 887 1825 969 successoros

456 988 539 1065 suis
563 981 613 1064 ad
638 986 769 1066 dictam
794 989 992 1067 ecclesiam
1015 989 1061 1066 ln
1086 988 1232 1068 Gnatae
1256 1015 1325 1093 pro
1349 990 1491 1066 uicaria
1524 997 1706 1090 perpetuo
1728 987 1825 1064 insti·

449 1086 594 1166 tuendo
645 1099 835 1166 resantare
860 1089 957 1191 quod
983 1113 1031 1168 ue
1056 1092 1173 1167 eciam
1198 1113 1268 1167 nos
1292 1092 1459 1170 etnostri
1481 1108 1729 1165 successores
1750 1088 1823 1188 pri·

456 1188 592 1264 marios
615 1111 757 1264 bucone
781 1187 949 1267 huiusmo
1020 1191 1235 1267 vocacionis
1356 1211 1432 1265 ora-
1456 1209 1504 1263 ao
1535 1187 1609 1263 alia
1639 1188 1719 1262 iura
1741 1185 1826 1262 sub·

430 1289 433 1298 ’
457 1282 555 1362 sidia
579 1287 770 1408 carimtiua
794 1299 832 1364 et
855 1300 1002 1410 stouras
1027 1285 1233 1463 ordinapias
1258 1288 1307 1368 tle
1359 1291 1431 1409 'etp
1461 1287 1631 1462 ecclesfii:
1653 1285 1704 1362 do
1727 1296 1825 1459 padre

352 1501 399 1530 ··
455 1385 1165 1588 tttrbttttttltttltnbtz
1182 1397 1829 1583 ttzttttttioemtt‘qe

455 1581 695 1687 besemque,
720 1585 767 1660 ad
794 1586 893 1688 quod
917 1598 1098 1690 perpetue
1120 1586 1326 1664 liberaliter
1347 1581 1558 1664 faciendum
1588 1607 1659 1660 noa
1683 1592 1722 1660 et
1744 1603 1828 1659 arro·

459 1701 637 1761 cessores
670 1693 819 1764 nostros
855 1688 1092 1788 presentibus
1125 1686 1330 1787 obligamus
1361 1687 1456 1762 omni
1488 1685 1721 1786 excepcione
1758 1679 1829 1757 (loli

445 1779 542 1888 'mali
561 1793 598 1859 et
614 1795 684 1858 tam
697 1781 803 1860 Juris
828 1786 996 1862 canonici
1021 1811 1125 1886 qnam
1150 1787 1270 1862 ciuilis
1295 1787 1446 1862 auxiliis
1463 1785 1570 1860 nobis
1594 1793 1723 1900 contra
1745 1801 1829 1883 pre-

455 1881 568 1954 missa
580 1881 772 1977 suffragari
793 1883 1011 1978 valentibus,
1036 1883 1184 1986 publice
1202 1895 1240 1961 et
1253 1908 1324 1991 per
1338 1907 1558 1986 expressum
1572 1878 1827 1958 remunerando.

454 1975 499 2053 In
524 1979 632 2055 cuins
658 1983 713 2055 rei
737 1984 976 2059 testimonium
1000 1983 1127 2082 sigilla
1150 1993 1276 2059 nostra
1299 1984 1534 2087 presentibus
1559 1993 1644 2057 sunt
1657 2001 1829 2083 appensa·

313 2098 317 2106 ·
454 2075 589 2154 Datum
614 2079 651 2154 in
677 2077 777 2156 dioto
802 2091 928 2159 nostro
951 2079 1185 2158 Monasterio
1209 2086 1321 2160 Anno
1356 2082 1487 2159 domini
1511 2079 1718 2160 Millesimo
1744 2101 1829 2198 pua·

453 2169 743 2276 'dringentesino
767 2177 1014 2280 sexagesimo
1039 2179 1164 2264 Sexto
1187 2179 1366 2263 Secunda
1390 2205 1484 2261 vero
1509 2177 1573 2260 die
1597 2185 1772 2280 Augusto

1063 2575 1231 2664 XXVI.

948 2791 1038 2855 Anno
1058 2792 1154 2854 tm.
1188 2791 1241 2854 28.
1261 2791 1339 2854 lton

454 2967 612 3056 Paulus
641 2991 754 3080 papa
780 2968 953 3056 Petrum
991 2996 1127 3080 epum.
1167 2973 1212 3056 in
1249 2968 1484 3056 relevamen
1519 2971 1652 3058 nuntii
1701 2989 1828 3081 apos·
1977 2940 1978 2947 Ν

453 3085 565 3171 tolioi
600 3087 818 3174 [aurentii
856 3089 1047 3196 episcopi
1083 3085 1346 3174 Ferrariene.
1384 3088 1618 3175 addietum
1644 3087 1827 3175 Nurem·
1977 3090 1978 3101 '

454 3203 620 3324 bergas
657 3209 831 3316 propter
857 3204 1008 3290 bellum
1044 3205 1246 3290 turcicum
1282 3228 1311 3289 a
1346 3203 1540 3296 llridriso
1580 3209 1830 3316 imperatore

905 3321 1135 3408 institmm
1163 3323 1388 3408 committit.

549 3549 694 3628 Paulus
720 3552 922 3656 epiecopus
946 3575 1082 3630 seruus
1106 3577 1296 3632 seruorum
1331 3552 1571 3632 baillileeto
1601 3552 1680 3632 llio
1702 3564 1828 3633 nostro

450 3649 566 3728 Petro
593 3650 759 3728 ecclesie
784 3657 900 3729 sancti
918 3651 1051 3730 vitalis
1101 3654 1296 3746 resbytero
1314 3651 1505 3732 cardinali
1529 3677 1600 3756 par
1622 3656 1827 3732 uniuersam

451 3747 682 3825 Germaniam
706 3752 913 3856 apostolice
938 3748 1042 3829 sedis
1068 3677 1104 3828 b

450 3845 704 3926 nedictiooem.
754 3846 849 3928 Cum
882 3851 941 3928 ire
967 3853 1135 3930 uentibus
1168 3851 1330 3956 undique
1363 3853 1497 3931 liberis
1532 3864 1570 3929 at
1593 3851 1826 3931 aniecmarnis

451 3945 667 4023 certissimis
692 3949 914 4054 accipiamus
932 3875 967 4029 ὃ

304 4121 309 4132 ,
450 4061 575 4120 oerum
591 4045 799 4168 Principem
825 4051 979 4128 terribili
1006 4063 1044 4128 et
1067 4051 1284 4152 inexplebili
1308 4077 1377 4129 sua
1398 4051 1604 4132 dominandi
1627 4051 1824 4154 cupiditate

449 4143 612 4240 quotidie
636 4173 755 4250 magns
779 4171 958 4229 crescere
982 4161 1021 4228 ct
1036 4172 1128 4226 snas
1150 4171 1294 4252 augere
1308 4153 1422 4247 uires,
1446 4153 1580 4258 quibus
1596 4150 1824 4232 ferociadmo

1105 3767 1216 3853 egato
1241 3752 1408 3833 Salutem
1433 3763 1472 3832 et
1500 3751 1740 3855 apostolicam
1762 3754 1827 3830 ba·
1975 3838 1976 3841 Ν

968 3950 1073 4031 bristi
1097 3953 1251 4028 nominis
1274 3955 1453 4030 inimicum
1466 3949 1712 4030 Mabnmetem
1728 3953 1827 4030 't'm-
1975 4044 1976 4047 Ἴ
