4209 5034
440 571 545 664 600
711 708 714 712 A
863 656 867 663 .
1000 571 1271 666 monumenta

435 807 543 891 modi
569 803 632 886 tubi
663 749 714 886 de
734 805 929 912 premissis
960 755 1122 888 omnibus
1157 819 1194 888 et
1227 805 1387 909 singuiis
1420 805 1583 908 legitime
1620 805 1808 886 constiterit

402 909 606 1011 dietaque
629 907 845 1010 Margareta
883 909 1048 987 indicato
1073 909 1279 986 huiusmodi
1313 909 1478 1009 paruerit
1509 908 1685 1009 prefatam
1710 907 1807 986 Mar·

401 1023 603 1108 '‘aretam,
629 1011 663 1086 si
688 1008 760 1084 boc
785 1007 963 1086 humiliter
994 1011 1141 1112 petierit
1175 1011 1222 1086 ab
1248 1008 1632 1086 excommunicationis
1658 1007 1807 1108 aliisquo

430 1109 705 1191 ecclesiasticis
736 1111 929 1186 sententiis
963 1110 1134 1188 censuris
1172 1119 1211 1186 et
1246 1112 1354 1210 penis
1385 1107 1565 1210 predictis
1597 1108 1806 1184 anctoritate

430 1222 558 1286 nostra
588 1207 660 1286 bec
692 1212 776 1288 uice
809 1205 986 1288 duntaxat
1024 1209 1201 1286 obsolutts
1233 1210 1270 1283 iu
1306 1207 1422 1284 iorma
1446 1205 1611 1284 ecclesie
1637 1218 1809 1283 consueta

430 1302 604 1396 iniunctis
635 1307 723 1398 inde
757 1310 831 1385 sibi
863 1333 930 1409 pro
962 1309 1069 1387 modo
1096 1310 1206 1412 culpe
1232 1309 1428 1410 penitentia
1465 1307 1615 1382 salutari
1653 1319 1690 1382 et
1725 1307 1806 1382 aliis

431 1431 504 1509 que
529 1407 578 1483 de
602 1411 682 1484 inre
705 1409 843 1485 fuerint
867 1407 1091 1510 iniungenda
1124 1407 1175 1484 Et
1208 1407 1462 1488 nichilominus
1487 1409 1522 1481 si
1547 1405 1807 1485 absolutionem

430 1504 638 1584 huiusmodi
664 1522 794 1611 perte
819 1511 949 1608 uigore
974 1511 1197 1612 presentium
1231 1509 1311 1584 tieri
1338 1508 1525 1604 contingat
1556 1517 1595 1582 ut
1628 1503 1808 1607 prefertur

430 1605 554 1689 eidem
576 1605 793 1707 Margarete
819 1605 919 1708 quod
943 1606 993 1685 de
1018 1607 1187 1711 predicto
1203 1607 1434 1686 Monasterio
1459 1607 1494 1680 in
1512 1601 1809 1682 0berschonieId

431 1705 481 1784 ad
506 1707 683 1806 prefatum
708 1707 973 1784 Monasterinm
996 1711 1033 1784 in
1059 1709 1182 1784 Hoicz
1214 1713 1249 1782 si
1274 1705 1408 1784 ibidem
1433 1706 1660 1784 uoluntarias
1686 1717 1723 1780 et
1748 1704 1812 1780 be·

430 1805 575 1882 nicolas
598 1808 780 1882 inuenerit
804 1809 1032 1908 receptrires
1056 1811 1166 1906 petita
1201 1807 1286 1894 iicet
1320 1829 1391 1881 non
1430 1807 1575 1888 obtenta
1612 1799 1811 1882 abeodem

328 1944 334 1953 -
430 1903 635 1982 A‘bbatissa
658 1905 809 1983 licentia
833 1909 992 1984 transire
1017 1915 1055 1982 et
1079 1909 1116 1982 iu
1142 1929 1189 1983 eo
1215 1905 1484 2008 professionem
1511 1927 1579 2005 per
1602 1905 1705 1980 iiiios
1729 1901 1810 1978 Mo-
1977 1919 1978 1924 ‘

431 2003 551 2080 uicies
577 2005 687 2080 emitti
713 2004 856 2081 solitam
881 2009 1046 2085 emittere
1073 2017 1110 2080 et
1135 2003 1290 2080 habitum
1316 2005 1401 2080 dicti
1427 2005 1568 2080 ordinis
1592 2003 1712 2080 sancti
1739 2002 1810 2078 Be·

431 2101 572 2180 ucdicti
596 2127 788 2180 munnere
808 2126 862 2180 ac
886 2108 922 2181 in
947 2109 1029 2208 ipso
1056 2102 1287 2181 Monosterio
1313 2107 1348 2178 in
1375 2104 1498 2181 Holcz
1525 2103 1596 2180 sub
1611 2099 1723 2178 'iilius
1747 2099 1811 2176 ba·

262 2265 267 2272 .
431 2200 510 2284 bitu
535 2211 573 2280 ct
598 2199 728 2278 ordine
753 2207 870 2281 sancti
895 2205 1089 2282 Benedicti
1154 2216 1306 2302 erpetno
1338 2224 1528 2279 romauere
1554 2203 1701 2303 ipsique
1727 2199 1810 2277 Mo·

328 2387 332 2392 ,
432 2304 597 2378 uasterio
629 2306 665 2378 iu
690 2303 813 2379 Hoicz
843 2305 878 2396 si
912 2306 951 2381 in
982 2306 1084 2381 iilius
1149 2305 1344 2380 bbatissam
1377 2324 1448 2378 sou
1480 2299 1687 2380 Ministram
1720 2299 1811 2377 alias

435 2404 612 2477 canonice
637 2402 795 2502 eligatur
818 2402 946 2504 prefici
969 2416 1008 2482 et
1031 2406 1167 2479 assum
1192 2403 1310 2480 libere
1343 2413 1380 2478 et
1412 2402 1512 2478 licite
1531 2400 1660 2478 ualeat
1687 2399 1811 2477 eaden

433 2506 648 2594 auctoritate
673 2514 802 2579 nostra
826 2502 1013 2580 concedas
1037 2501 1125 2581 Non
1152 2503 1378 2578 obstantibus
1413 2502 1602 2602 premissis
1639 2524 1687 2579 ac
1713 2496 1809 2576 Con-

433 2603 678 2678 stitutiouibns
703 2613 742 2678 at
765 2602 1063 2680 ordinacionibus
1087 2602 1305 2704 apostolicis
1331 2622 1473 2676 necnon
1493 2601 1638 2676 statutis
1662 2613 1702 2676 et
1727 2622 1813 2674 oon-

432 2699 687 2778 suetudinibus
718 2699 1027 2778 Monasteriorum
1066 2717 1101 2777 et
1136 2701 1299 2776 ordinum
1338 2695 1582 2801 predictorum
1614 2701 1812 2776 iuramento

432 2797 703 2876 confirmatione
727 2801 934 2900 apostolica
957 2800 1020 2877 uei
1043 2804 1172 2899 queuis
1194 2801 1267 2875 alia
1282 2799 1445 2876 firmitate
1461 2799 1641 2876 roboratis
1659 2799 1813 2876 ceteris·

432 2918 506 2996 ooe
556 2899 749 2974 contrariis
797 2901 1084 3000 quibuscunque·
1154 2899 1283 2975 Datum
1329 2899 1445 2976 Rome
1497 2895 1595 2976 and
1642 2897 1813 2976 Sanctum

431 3006 573 3094 petrum
597 2998 708 3072 Anno
735 2997 999 3079 iucarnationis
1026 2997 1207 3074 dominice
1234 2923 1543 3100 Mittestnoqmd

351 3157 376 3178 f
432 3094 865 3272 ppiqupnAgesimppctauo
906 3099 1045 3194 Quane
1081 3095 1279 3176 Kalendas
1321 3097 1540 3178 Decembris
1577 3097 1812 3176 Pontificotus

518 3218 548 3270 rr
613 3217 685 3273 nuo
749 3218 851 3276 mmo·
1501 3231 1511 3254 ·

1533 2999 1812 3094 ringentesimo·
1979 3069 1980 3082 2
