4209 5034
711 544 983 652 episcopatum
1010 546 1268 662 Augustani.
1582 541 1686 633 280

295 777 462 855 mandato
488 777 536 854 ad
562 775 860 854 concordandum
880 737 1094 855 'huiusmodi
1121 800 1289 871 oausam,
1319 773 1611 879 comparendum,
1637 805 1685 856 ac

292 879 341 955 nd
366 877 724 980 compromittendnm
749 879 784 952 in
811 895 1057 956 nereensem
1082 879 1330 980 praedictam,
1356 880 1582 954 constituere
1611 879 1684 955 de·

291 979 442 1069 nereos,
468 976 626 1078 aliquem
651 979 930 1080 peremptorium
952 981 1141 1054 terminum
1160 978 1404 1082 praefigerent
1421 992 1683 1080 moneremque
1818 1073 1822 1078 .

287 1087 330 1155 'et
355 1078 585 1180 requirerent
608 1089 717 1178 prout
747 1079 784 1152 in
811 1075 940 1153 endem
967 1081 1209 1154 commissoue
1235 1089 1272 1153 et
1297 1079 1487 1154 monitorio
1514 1080 1682 1156 eiusdem

293 1180 559 1254 commissionis
585 1181 715 1278 uigore
741 1199 810 1278 per
835 1177 988 1252 eosdem
1014 1178 1226 1254 cardinales
1247 1176 1401 1254 decreto
1421 1177 1570 1278 plenius
1591 1201 1683 1255 con·

290 1281 441 1370 tinctor,
475 1275 573 1352 rude
600 1302 667 1353 uos
694 1278 886 1376 cupientes
912 1276 1119 1354 huiusmodi
1143 1276 1334 1354 scandalis
1363 1277 1512 1352 obuiore
1537 1282 1583 1353 ac
1608 1302 1679 1354 uos

292 1387 330 1454 ot
354 1373 475 1453 dictos
502 1373 622 1452 Oiues
647 1375 694 1452 ad
721 1396 867 1480 poeem,
901 1376 1132 1454 concordiam
1166 1389 1205 1454 ot
1229 1378 1397 1452 unionem
1423 1375 1609 1453 reducere
1632 1399 1680 1456 ao

294 1477 462 1553 volentes
489 1477 593 1576 quod
612 1475 820 1560 huiusmodi
846 1497 963 1553 eausa
986 1476 1193 1571 eoncordia·
1211 1479 1442 1568 terminetur,
1480 1479 1517 1552 io
1544 1479 1679 1554 uirtute

291 1590 420 1654 sancte
453 1572 663 1654 obedientie
697 1577 806 1652 vobis
840 1587 877 1651 et
909 1577 1062 1654 cuilibet
1095 1589 1258 1652 uestrum
1292 1589 1419 1652 tenore
1452 1579 1677 1676 presentium

291 1672 531 1778 precipiendo
556 1671 787 1766 mandamur,
822 1689 930 1777 prout
963 1677 1070 1752 etiam
1105 1673 1266 1753 Ciuibus
1289 1675 1468 1778 predictis
1494 1700 1561 1776 per
1586 1675 1680 1751 olias

290 1785 437 1852 nostros
461 1776 602 1852 litteras
628 1775 897 1860 mandanimus,
934 1785 973 1852 ut
998 1791 1271 1876 procuratorem
1310 1799 1381 1852 seu
1413 1785 1679 1877 procuratores

291 1899 372 1954 eum
397 1873 595 1952 sufficienti
621 1871 789 1954 mandato
811 1871 862 1951 ad
887 1872 1178 1951 concordantiam
1212 1886 1250 1952 et
1281 1876 1318 1950 in
1352 1899 1422 1952 nos
1448 1884 1679 1976 compromit-

290 1973 442 2052 tendum·
463 1986 499 2050 et
524 1999 646 2054 eoram
673 1976 779 2052 nobis
805 1999 851 2051 se
875 1975 1159 2076 presentandum
1184 1977 1221 2050 in
1247 1967 1319 2051 dne
1342 1975 1483 2050 termini
1504 1997 1574 2074 per
1595 1995 1708 2074 pre,

276 2075 387 2152 letos
413 2073 622 2152 cardinales
648 2077 756 2152 vobis
782 2073 915 2178 prolixi
942 2077 1192 2167 constituatis,
1229 2084 1268 2150 ut
1302 2097 1453 2152 eausam
1478 2072 1682 2175 predictam

289 2175 442 2254 Jndieio
475 2184 537 2252 aut
571 2175 774 2277 eoncordia*
804 2198 872 2278 pro
905 2197 1002 2273 pace
1027 2185 1065 2253 et
1089 2177 1213 2276 quiete
1247 2184 1411 2252 vestrum
1437 2185 1474 2249 et
1499 2171 1677 2250 dictorum

291 2275 421 2352 einium
448 2276 641 2352 terminare
666 2276 851 2377 possimus
878 2287 923 2350 ct·
940 2277 976 2350 si
1001 2273 1050 2365 id,
1078 2289 1117 2350 ut
1141 2297 1346 2376 speramus,
1371 2273 1503 2350 faeere
1522 2295 1679 2350 curace-

288 2377 379 2467 ritis‚
406 2397 482 2452 rem
509 2374 581 2451 deo
607 2385 791 2475 acceptum
818 2385 854 2448 et
880 2373 988 2450 robis
1009 2371 1226 2472 condignam
1253 2374 1411 2449 etnobis
1432 2373 1680 2470 gratissimum

287 2473 446 2568 iacietis,
473 2486 512 2550 et
536 2497 605 2552 nos
630 2471 861 2552 lndemnitati
888 2485 925 2548 et
949 2471 1077 2548 lronori
1103 2474 1242 2548 uestris
1268 2484 1305 2548 et
1330 2470 1523 2550 ecelesiae
1546 2480 1677 2547 uestro

287 2571 508 2679 prouidere,
529 2585 585 2652 et
618 2577 656 2652 in
692 2573 858 2650 omnibus
892 2571 975 2650 aliis
1008 2573 1146 2648 uestris
1181 2573 1308 2648 causis
1343 2572 1496 2648 tonores
1529 2569 1676 2646 detritos

279 2685 459 2776 quantum
485 2697 563 2750 oum
590 2670 664 2752 deo
688 2673 888 2778 poterimus
912 2684 1083 2773 prestare
1109 2673 1336 2766 curabimus,
1374 2669 1423 2746 lor
1455 2670 1490 2744 sl
1514 2691 1678 2772 perros

190 2783 198 2790 ‘
288 2777 452 2867 steterit,
485 2799 557 2877 qno
591 2775 709 2850 minus
742 2795 873 2866 cuuso,
907 2782 947 2847 ut
973 2775 1209 2874 premittitur,
1240 2793 1310 2874 per
1343 2793 1412 2846 uos
1435 2766 1590 2847 dedicio
1614 2778 1679 2846 aut

289 2873 491 2954 concordio
514 2877 745 2966 terminetur,
781 2883 867 2948 tune
902 2884 1011 2973 prout
1040 2871 1126 2950 Juri
1160 2882 1199 2950 et
1222 2873 1395 2972 aequitati
1421 2872 1614 2948 conuertiet
1639 2878 1678 2946 et

288 2976 395 3052 nobis
421 2998 471 3052 ex
498 2973 630 3054 ediens
655 2975 775 3050 risum
800 2972 932 3058 inerit,
960 2995 1107 3051 cansam
1132 2969 1334 3076 predictum
1358 2969 1466 3048 finire
1491 2982 1528 3048 ct
1552 2971 1679 3048 termi-

288 3098 393 3162 nare,
417 3087 453 3151 et
472 2999 684 3156 iuiusmodi
711 3071 765 3148 liti
792 3072 902 3146 finem
919 3073 1107 3174 imponere
1122 3068 1362 3150 studebimus.
1385 3067 1518 3150 Datum
1536 3068 1673 3149 &mne

288 3171 397 3278 apud·
419 3171 594 3252 Sanctum
622 3173 769 3252 Petrum
801 3171 871 3246 sno
897 3169 1045 3248 Annulo
1077 3174 1274 3272 piscatoris
1297 3170 1372 3247 nir
1396 3167 1580 3249 xxviro
1604 3170 1675 3246 Ja-
1776 3243 1782 3254 ,
1863 3151 1875 3162 ’

288 3276 406 3355 nnarii
431 3267 898 3368 mdccccxxxvnn.
924 3269 1166 3350 Pontificatos
1191 3284 1317 3349 nostre
1341 3271 1454 3348 Anno
1480 3269 1628 3362 Quinto.
1664 3283 1668 3292 ’
