4209 5034
852 1291 942 1398 mm
963 1285 1060 1353 rnoo.
1100 1291 1132 1354 o.
1158 1247 1328 1352 murman
1366 1231 1471 1349 unse
1591 1256 1599 1376 f
1700 1381 1705 1392 Ι

471 1489 600 1578 Bulla
635 1491 866 1600 apostolica
904 1450 1133 1576 secundnm
1156 1431 1292 1596 ·quam
1308 1519 1312 1531 ·
1328 1443 1467 1571 nullus
1505 1433 1658 1568 debeat
1676 1434 1848 1566 ⁸admitti

469 1610 524 1694 ad
554 1609 799 1736 dignitatem
823 1608 899 1738 yel
934 1603 1113 1694 officium
1142 1605 1481 1720 ecciesiae'Ang.
1511 1603 1595 1688 nisi
1624 1601 1848 1686 canonicus

971 1728 1069 1854 actu
1098 1721 1352 1830 capitularis.

570 1939 791 2032 Alexander
824 1958 1025 2058 episcopus
1056 1977 1194 2034 seruus
1226 1974 1419 2031 seruorum
1452 1947 1516 2028 dei
1539 1949 1607 2028 Ad
1637 1974 1687 2053 pe
1732 1959 1850 2028 etun

469 2055 542 2132 Rei
568 2058 769 2132 memoriam
793 2057 977 2134 Romanus
1002 2055 1180 2132 Pontifex
1202 2054 1301 2132 Jesu
1323 2051 1465 2131 Christi
1487 2055 1525 2128 in
1551 2056 1663 2129 terris
1713 2054 1849 2129 icarins

470 2175 522 2248 ex
547 2155 799 2232 commissione
825 2157 897 2233 sibi
919 2157 1126 2258 apostolice
1150 2155 1340 2235 seruitutis
1373 2153 1496 2230 officio
1520 2155 1620 2234 inter¹
1639 2153 1849 2255 potissimas

469 2253 601 2353 quibus
625 2251 776 2331 assidue
801 2257 974 2354 premitur
1007 2279 1119 2340 ouras
1153 2256 1296 2332 intense
1328 2248 1633 2330 considerationis
1662 2253 1779 2334 aciem
1800 2250 1851 2326 li·

467 2351 599 2430 beuter
621 2355 802 2450 conuertit
825 2376 894 2457 per
919 2376 990 2455 que
1015 2377 1086 2431 sne
1110 2355 1336 2457 promisionis
1357 2353 1556 2430 ministerio
1576 2351 1692 2428 bonor
1716 2361 1755 2428 et
1777 2345 1848 2426 de·

468 2473 539 2530 eus
570 2453 816 2530 ecelesiarum
849 2455 1089 2554 quarumlibet
1119 2456 1315 2554 presertim
1347 2449 1624 2551 Cathedraliuru
1653 2452 1852 2550 insignium.

468 2565 737 2633 oonserueutur
770 2564 808 2629 et
839 2563 1059 2650 augeantur,
1098 2575 1295 2653 earumque
1327 2553 1487 2652 negucia
1516 2574 1587 2653 per
1615 2550 1787 2652 ydoneos
1809 2560 1849 2625 et

467 2649 695 2730 sufficientes
722 2676 902 2753 personas
928 2651 1067 2730 utiliter
1090 2663 1286 2745 tractentur
1310 2662 1349 2732 et
1371 2660 1545 2751 gerantur
1575 2653 1734 2750 ipseque
1757 2670 1846 2726 ece·

466 2749 563 2826 lesie
590 2763 626 2827 et
651 2774 774 2828 earum
799 2754 895 2830 bona
920 2753 956 2828 iu
985 2775 1166 2854 prospero
1189 2761 1287 2828 statu
1312 2752 1510 2828 salubriter
1526 2759 1565 2826 ei
1587 2750 1749 2828 feliciter
1772 2769 1845 2846 gu·

368 2851 378 2860 '
467 2849 666 2928 beruentnr
690 2875 736 2952 ac
768 2853 833 2928 illa
865 2875 936 2952 que
972 2864 1169 2954 propterea
1203 2873 1271 2951 per
1303 2853 1444 2928 illarum
1475 2865 1657 2950 personas
1688 2845 1846 2952 prouide

465 2945 565 3026 fucta
590 2947 711 3026 inisse
738 2949 907 3028 dicuntur
931 2951 1090 3029 libenter
1104 2973 1186 3036 cum
1208 2952 1256 3028 ab
1282 2973 1329 3030 eo
1351 2952 1486 3053 petitur
1501 2951 1708 3050 apostolico
1731 2947 1844 3024 muni-

465 3047 559 3124 mine
585 3049 729 3129 roborat
753 3060 790 3126 et
814 3050 907 3126 alias
934 3048 1099 3149 desuper
1122 3043 1284 3150 disponit
1305 3061 1410 3150 prout
1434 3051 1471 3124 in
1498 3049 1641 3128 domiuo
1665 3047 1845 3150 conspicit

466 3144 674 3240 salubriterv
689 3147 883 3251 expedire·
932 3146 1035 3226 Sane
1060 3170 1128 3249 pro
1149 3157 1256 3249 perte
1281 3149 1498 3241 dilectorum
1521 3151 1676 3226 liliorum
1700 3145 1843 3226 Decsni

467 3257 505 3326 et
519 3241 683 3348 Capituli
709 3249 875 3324 ecclesie
890 3246 1142 3349 Augusteusis
1156 3249 1354 3326 Prouineie
1368 3247 1584 3345 Magnntiue
1600 3249 1707 3326 nobis
1729 3267 1843 3347 nuper

465 3345 629 3424 exhibita
654 3346 780 3448 petitio
797 3348 1003 3427 continebat
1029 3349 1126 3447 qnod
1148 3349 1231 3424 olim
1255 3351 1329 3450 ipsi
1344 3343 1553 3450 Capitulum
1577 3346 1737 3450 prouida
1756 3369 1842 3423 oon·

464 3443 671 3526 siderantes
697 3445 794 3546 quod
820 3447 854 3522 si
879 3443 1061 3540 Cenonioi
1085 3445 1324 3549 Capitulares
1349 3446 1448 3527 dicte
1473 3450 1640 3529 ecclesie
1659 3450 1723 3547 qui
1746 3446 1840 3522 iltius

407 3619 417 3632 ,
464 3549 619 3642 negocio
650 3545 771 3622 sciunt
802 3543 999 3642 dignitates
1033 3557 1254 3648 personatus
1285 3545 1617 3626 administrationes
1651 3559 1690 3623 et
1721 3545 1842 3622 officis

460 3645 580 3820 {psin‘s
607 3642 773 3818 οὲοῐοεὲο
800 3643 1004 3746 obtinerent
1021 3650 1181 3748 negocia
1195 3642 1402 3768 huiusmodi
1417 3647 1842 3824 m⁰¹l¹¹i⁰la⁴fl¹¹¹¹⁰¹¹¹⁰l⁹

460 3756 1615 3926 didisti‘¹50tieliditisitibffitttiitt
1629 3767 1841 3922 ibreii

295 3973 300 3978 ·
462 3939 560 4041 quod
586 3939 766 4048 deinceps
790 3947 981 4045 perpetuis
1013 3943 1146 4023 futuris
1176 3947 1400 4047 temporibus
1426 3947 1549 4027 nullus
1573 3948 1730 4046 aliquam
1754 3943 1836 4042 dig·

459 4040 604 4116 nitatem
618 4056 849 4142 personatum
864 4039 1208 4124 administrationem
1232 4045 1295 4121 uel
1309 4045 1469 4125 officium
1485 4036 1653 4126 eiusdem
1673 4043 1837 4124 ecclesie

460 4136 623 4219 obtinere
638 4163 708 4221 sen
727 4139 777 4221 ad
801 4143 900 4222 illem
914 4145 1013 4222 ilium
1038 4143 1102 4224 uel
1122 4139 1214 4222 iliud
1238 4145 1357 4248 recipi
1381 4147 1444 4226 nel
1464 4143 1605 4257 admitti
1624 4147 1743 4245 possit
1764 4139 1835 4218 nisi
