4209 5034
676 1327 679 1339 .
842 1225 1048 1298 nnno‘rtoo.
1087 1238 1119 1296 s.
1141 1236 1238 1334 sunu,
1278 1206 1430 1315 numeri.
1607 1221 1613 1234 '
1750 1215 1754 1223 ’

447 1434 603 1528 Petrus
631 1463 699 1550 ep.
730 1439 895 1524 missam
924 1441 1172 1548 perpetuom
1211 1436 1254 1524 in
1293 1414 1510 1542 ultoris'St
1539 1386 1821 1529 Vitalioleocl
1981 1412 1982 1435 ¹

451 1559 455 1572 ’
701 1558 708 1562 ’
986 1558 1105 1672 Aug.
1135 1553 1296 1642 fundet.
1537 1615 1540 1622 .
1813 1612 1817 1621 .

549 1785 685 1862 Peiros
718 1771 959 1864 miseracione
992 1780 1117 1861 diuino
1151 1787 1244 1867 tituli
1280 1787 1398 1862 suncti
1425 1785 1571 1861 Vitslis·
1595 1783 1826 1859 socrossuote

450 1907 599 1964 romane
624 1885 791 1962 ecclesie
816 1885 1004 1985 Pesbyter
1027 1881 1316 1962 cardinalias
1340 1880 1470 1981 sancte
1494 1879 1601 1961 sedis
1625 1879 1826 1983 apostolice
1983 1918 1984 1951 ;

448 1986 693 2165 permissione
711 1976 927 2086 Episcopus
942 1983 1196 2083 Augustensis
1220 1978 1293 2059 Ad
1308 1997 1522 2086 perpetuom
1547 1978 1827 2059 rei·memorion

471 2095 551 2163 nter
576 2105 687 2162 curos
712 2083 936 2187 multiplices
963 2107 1034 2183 que
1061 2095 1188 2160 nostre
1211 2085 1421 2160 incumbunt
1443 2078 1682 2160 sollicitudini
1708 2085 1828 2178 posto-
1984 2102 1985 2113 ¹

449 2183 532 2277 reli,
555 2183 655 2260 illum
678 2184 838 2262 libenter
860 2185 1129 2284 amplectimur,
1153 2205 1224 2285 per
1247 2206 1351 2284 quom
1378 2183 1594 2261 lenociniis
1619 2178 1830 2257 studione-

451 2293 602 2383 neretur
624 2285 833 2362 altissimus}
853 2293 892 2360 et
916 2283 1112 2360 animorum
1137 2294 1342 2384 propagate
1375 2283 1500 2360 sul'nt'e
1531 2283 1680 2359 diuinus
1713 2275 1829 2355 cultus

452 2385 655 2485 suscpioiat
678 2386 938 2460 incrementum
955 2380 1162 2486 Cupientes
1179 2384 1293 2483 igitur
1315 2383 1435 2460 cnimo
1458 2394 1584 2458 nostre
1609 2379 1720 2457 'soluti
1746 2397 1831 2452 cou-

451 2483 581 2563 sulere
626 2494 664 2562 et
694 2485 912 2561 mreusrin
947 2483 1125 2575 celestis,
1166 2505 1212 2559 ao
1250 2486 1459 2560 transitoris
1494 2485 1531 2557 in
1571 2495 1702 2559 eterno
1735 2471 1831 2553 tedet

454 2586 674 2665 commercio
700 2579 1004 2676 commutarent
1029 2583 1283 2686 omnipotentis
1306 2579 1370 2660 dci
1394 2594 1434 2660 et
1458 2583 1543 2659 eius
1568 2577 1834 2682 gloriosissime
1893 2652 1897 2656 ,

452 2685 647 2781 genitricis
672 2685 829 2782 virginis
854 2682 980 2760 Morio
1006 2687 1199 2783 tociusque
1225 2683 1380 2760 celestis
1405 2683 1510 2759 curie
1534 2678 1682 2758 loudcru
1708 2688 1749 2755 et
1769 2672 1833 2749 bo-

452 2804 578 2866 ruerent
612 2804 658 2860 oo
692 2806 760 2881 pro
795 2793 920 2858 nostra
945 2793 982 2858 et
1014 2786 1167 2860 omnium
1193 2779 1335 2860 Christi
1359 2779 1521 2858 iidelinm
1554 2783 1752 2858 animarum
1775 2797 1836 2850 ss·
1987 2816 1988 2824 κ

392 2963 396 2968 ,
452 2879 530 2956 lote
557 2891 594 2959 et
618 2877 794 2975 remedio,
821 2891 1127 2984 peccatorumque
1151 2894 1354 2958 nostrornm
1374 2882 1620 2959 alieniocione
1645 2888 1684 2956 et
1710 2877 1834 2954 remis·

454 2979 563 3056 siene
587 3003 731 3056 necnon
757 2981 805 3057 ad
832 2981 947 3057 diuini
971 2984 1097 3059 cuitus
1127 2983 1405 3074 incrementum,
1439 3005 1545 3057 ruam
1575 2983 1724 3056 missam
1757 2976 1835 3051 sino

454 3079 628 3162 licerium
664 3093 876 3184 perpetuom
906 3076 963 3158 ed
996 3081 1112 3158 nitore
1146 3083 1265 3157 suomi
1280 3135 1284 3142 -
1297 3083 1435 3158 Vitolis
1472 3081 1596 3156 militis
1629 3089 1669 3156 et
1710 3083 1837 3155 snuoto
1987 3092 1988 3099 ‘

453 3179 600 3278 agnetis
625 3181 783 3280 virginis
809 3192 848 3257 ct
866 3180 1053 3257 Mertirum
1078 3181 1116 3254 iu
1138 3192 1264 3256 nostro
1286 3183 1414 3258 maiori
1439 3180 1605 3257 ecclesis
1621 3170 1838 3278 augustensi
1987 3232 1988 3245 ,

362 3361 368 3368 ·
453 3275 1840 3460 {iiiiii'titilltttttiiitlitltttiiti”tillidi

455 3475 643 3556 voluntate
678 3477 957 3556 Venerabilium
990 3479 1097 3555 nobis
1129 3481 1166 3554 in
1201 3475 1355 3559 Christo
1387 3481 1627 3573 docueram,
1671 3469 1840 3554 Heinrioi

455 3575 653 3655 Trnobses
677 3579 880 3680 prepositi,
917 3574 1108 3656 Leonnrdi
1134 3576 1432 3659 Gessel‘deonni
1456 3582 1650 3680 tociusque
1676 3567 1841 3677 Capituli

459 3675 627 3766 eiusdem
652 3689 778 3753 nostre
804 3677 969 3754 ecclesie
993 3689 1191 3780 propterea
1215 3679 1264 3754 ud
1289 3703 1415 3757 sonnm
1438 3702 1612 3782 compone
1627 3673 1841 3780 specialiter

458 3779 673 3874 congregati
697 3773 745 3850 sd
771 3776 809 3851 id
835 3775 983 3880 plenius
1000 3777 1274 3872 secedentibus,
1296 3779 1404 3856 mode
1429 3792 1467 3855 et
1489 3779 1607 3857 forms
1630 3771 1839 3854 melioribus

458 3874 588 3971 quibus
614 3877 808 3974 potuimus,
834 3877 1052 3953 instituimus
1079 3880 1267 3954 ereximus
1293 3893 1330 3955 et
1352 3877 1599 3970 fundanium,
1625 3887 1662 3954 et
1686 3867 1841 3952 condent

458 3969 633 4047 censibus
659 3982 701 4049 et
720 3973 928 4054 redditibus
960 3977 1116 4055 inferius
1150 3977 1356 4078 designatis
1387 4003 1457 4083 pro
1490 3979 1602 4055 vuius
1633 3968 1841 4052 sucerdotis

459 4073 733 4185 susteulnoione
759 4080 989 4178 congruenti,
1016 4076 1221 4155 donacioue
1246 4089 1425 4182 perpetuo
1448 4090 1488 4155 et
1511 4071 1749 4155 irrevocabili
1771 4063 1840 4143 do·

460 4179 629 4268 tenturus,
653 4192 700 4252 oo
725 4173 846 4256 colice
871 4175 977 4256 libris
1003 4189 1043 4256 et
1067 4180 1288 4256 ornamentis
1319 4194 1367 4257 no
1390 4179 1478 4256 eliis
1500 4176 1550 4255 od
1575 4176 1735 4255 diuinum
1760 4162 1840 4248 oul-
