4209 5034
427 518 671 608 ,34ον
823 461 826 466 ¹
1043 517 1312 606 Monumentc

477 757 680 832 interesset
696 751 921 846 liridcricum
936 751 1079 853 lipisro
1105 777 1167 838 nm¹
1188 775 1234 830 oc
1259 750 1447 834 Motbeum
1467 751 1521 828 Pr
1570 756 1700 830 ositnm
1724 745 1854 832 necnbn

478 856 669 934 Dccsnum
696 865 734 932 et
759 849 968 957 Capitulum
994 777 1186 956 preclctos
1210 854 1409 954 eorumque
1439 772 1611 950 singlrlos
1644 863 1683 929 et
1719 855 1857 954 quibus-

480 978 626 1056 cunque
647 956 1031 1034 excommunicationis
1050 955 1310 1057 suspensionis
1335 968 1374 1033 et
1396 953 1582 1030 interdicti
1598 953 1757 1054 aliisque
1779 977 1871 1060 ecc-¹

477 1055 677 1134 lesiasticis
694 1058 897 1132 sentenciis
923 1055 1094 1134 censuris
1115 1066 1153 1145 et
1176 1055 1285 1158 penis
1310 1079 1335 1128 s
1358 1056 1441 1131 iure
1456 1053 1517 1128 nel
1543 1055 1591 1131 sb
1615 1053 1759 1129 homine
1780 1079 1861 1154 qus·

479 1159 540 1232 nis
575 1141 775 1236 occasione
809 1157 872 1232 uel
894 1175 1040 1234 'cause'
1057 1148 1212 1232 lacs‘si
1253 1155 1384 1261 quibus
1411 1152 1681 1254 quomodolibet
1712 1154 1861 1229 innodoti

481 1257 641 1334 existunt
665 1252 714 1332 etl
738 1256 908 1332 effectum
941 1257 1166 1358 presentium
1201 1250 1378 1330 duntaxat
1414 1254 1715 1354 consequendum
1749 1253 1862 1330 berum

481 1357 585 1433 serie
610 1355 849 1433 absoluentes
875 1367 913 1432 et
937 1355 1132 1434 absolutos
1156 1354 1239 1433 lore
1265 1363 1466 1432 censentes
1487 1377 1535 1430 sc
1568 1355 1751 1432 fructuum
1784 1354 1863 1430 red·

483 1456 622 1533 (lituum
655 1468 692 1534 et
724 1467 963 1560 prouentnum
998 1455 1099 1532 dicte
1123 1455 1262 1532 Mense
1287 1477 1415 1540 uerum
1449 1478 1605 1532 cunnum
1639 1456 1800 1532 nulorem
1821 1476 1862 1530 nc

483 1552 697 1634 Concordie
712 1569 750 1632 et
762 1557 966 1632 litterarum
986 1554 1230 1658 predictarum
1247 1578 1292 1630 ac
1315 1557 1348 1630 si
1370 1554 1419 1631 de
1447 1555 1562 1632 uerbo
1576 1553 1626 1631 ad
1650 1556 1800 1631 uerbum
1815 1557 1865 1630 in·
1970 1602 1971 1609 κ

484 1665 700 1734 sererentur
725 1667 762 1734 ct
788 1649 914 1734 cause*
929 1653 1136 1734 huiusmodi
1160 1668 1290 1734 statum
1304 1655 1541 1756 presentibus
1556 1679 1624 1756 pro
1644 1644 1867 1732 'sufficienter

483 1759 680 1857 expressis
705 1754 885 1834 hebentes
918 1779 1142 1856 censumque
1176 1752 1226 1832 od
1259 1779 1329 1830 nos
1353 1753 1479 1831 luorum
1515 1757 1618 1831 serie
1650 1755 1867 1832 aduocantes

440 1901 445 1912 ,
483 1867 521 1932 et
545 1855 645 1931 litem
669 1853 879 1934 huiusmodi
910 1859 1059 1957 penitus
1092 1857 1353 1956 extinguentes
1386 1853 1595 1932 huiusmodi
1631 1857 1869 1960 snpplicatio·

470 1953 591 2052 nibus
625 1955 784 2030 inclinati
827 1955 1057 2032 concordiem
1103 1968 1141 2030 et
1181 1957 1477 2055 compositionem
1520 1955 1712 2057 predictus
1755 1965 1869 2056 utpote

484 2073 613 2156 pacem
639 2063 677 2150 et
709 2056 866 2154 quietem
901 2051 1001 2132 dicte
1037 2055 1205 2154 ecclesie
1242 2079 1289 2132 uc
1323 2079 1564 2158 personarum
1586 2054 1687 2132 illins
1717 2079 1871 2159 concer-

404 2245 407 2252 Δ
484 2163 617 2230 nentes
642 2176 689 2229 oc
712 2166 820 2256 prout
845 2177 913 2232 ess
939 2168 1164 2232 concernunt
1190 2156 1308 2232 omnio
1339 2167 1379 2232 et
1409 2153 1561 2256 singulo
1596 2156 1670 2233 ulio
1693 2159 1735 2231 in
1769 2152 1870 2232 dictis

485 2249 620 2330 litteris
646 2265 817 2330 contento
841 2257 1057 2332 anctoritate
1082 2254 1288 2358 apostolica
1311 2255 1456 2354 prelato
1488 2270 1618 2334 tenore
1650 2260 1870 2360 presentium

485 2372 538 2428 ex
563 2363 668 2430 certa
692 2355 849 2431 scientia
874 2366 1002 2434 nostra
1025 2357 1270 2458 approbamus
1295 2369 1331 2432 et
1357 2356 1608 2434 confirmemus
1626 2381 1673 2434 oc
1689 2358 1870 2459 presentis

411 2465 424 2488 ⁸
454 2510 458 2516 .
482 2453 613 2552 scripti
638 2455 845 2555 patrocinio
871 2460 1127 2532 communimus
1151 2479 1198 2532 oo
1220 2455 1288 2531 illo
1312 2459 1496 2545 omnio-ot
1519 2458 1668 2558 singulo
1686 2459 1871 2560 perpetuis

388 2649 395 2660 ἡ
481 2547 619 2628 futuris
660 2555 884 2655 temporibus
922 2556 1183 2634 inuiolabiliter
1229 2558 1422 2634 obseruari
1463 2553 1674 2636 mandamns
1714 2557 1871 2634 Necnon

380 2718 383 2736 ,
435 2683 442 2696 ·
483 2673 612 2728 omnes
639 2659 676 2728 et
701 2655 871 2753 singulos
896 2665 967 2732 lam
992 2658 1085 2732 inris
1113 2683 1216 2756 qnum
1241 2657 1329 2734 tacti
1353 2656 1526 2734 desectus
1550 2660 1647 2759 siqui
1664 2659 1797 2736 forsan
1819 2660 1870 2732 in·
1970 2720 1971 2763 Ξ

483 2753 709 2829 teruenerint
732 2753 770 2828 in
796 2753 939 2832 eisdem
964 2778 1015 2832 ex
1047 2755 1178 2832 ecdem
1202 2759 1360 2835 scientio
1389 2783 1436 2834 su
1462 2759 1618 2859 plemus.
1665 2759 1718 2834 lit
1746 2756 1869 2834 nichil·

466 2852 625 2928 ’ominus
639 2875 709 2952 pro
734 2855 867 2954 potiori
884 2854 1030 2930 cantela
1056 2859 1174 2932 omnia
1200 2870 1237 2933 et
1258 2857 1406 2957 singulo
1430 2783 1574 2935 luctus
1600 2857 1773 2936 redditus
1790 2879 1868 2960 pro-

483 2962 618 3026 uentus
644 2952 883 3029 emolumento
917 2957 999 3028 iura
1037 2967 1074 3030 ct
1108 2956 1181 3030 olio
1218 2957 1314 3033 bons
1347 2957 1446 3034 dicte
1468 2958 1714 3058 Prepcsiture
1747 2961 1796 3036 sb
1829 2979 1869 3032 ec

483 3051 628 3148 penitus
662 3071 878 3149 separamus
911 3064 949 3126 ct
983 3074 1230 3150 segregemus
1273 3080 1321 3133 oo
1381 3059 1503 3134 relate,
1523 3057 1661 3134 Mense
1694 3069 1866 3162 perpetuo

483 3147 712 3249 applicamus
738 3159 774 3226 et
800 3152 1077 3252 appropriamus
1103 3153 1161 3243 lto
1194 3155 1293 3254 quod
1365 3158 1496 3234 otheos
1531 3171 1568 3235 et
1602 3159 1665 3235 olii
1689 3155 1870 3260 Prepositi

482 3270 552 3351 pro
578 3259 742 3352 tempure
769 3255 975 3326 existentes
1001 3252 1136 3353 prefati
1163 3254 1211 3330 de
1237 3255 1314 3334 illis
1340 3258 1443 3334 slies-
1460 3284 1565 3358 qnom
1597 3272 1637 3334 nt
1661 3261 1871 3362 premittitur

482 3370 528 3424 se
553 3348 790 3426 intromittere
816 3347 919 3426 nullo
943 3373 1101 3450 unquam
1128 3366 1294 3457 tempore
1318 3359 1461 3457 possint
1487 3359 1537 3440 tu
1561 3359 1660 3456 quod
1695 3353 1870 3458 deinceps

485 3451 590 3524 ctiam
621 3451 813 3551 perpetuis
845 3449 978 3528 futuris
1015 3457 1239 3556 temporibus
1264 3455 1512 3535 Decennset
1542 3455 1752 3561 Capitulum
1787 3479 1869 3559 pre-

485 3545 573 3624 dicti
599 3549 749 3624 cuilibet
775 3572 823 3626 cx
850 3549 1004 3628 Matheo
1032 3565 1069 3628 et
1103 3559 1391 3634 suecessoribus
1417 3557 1574 3659 prefatis
1599 3559 1769 3658 quamdin
1794 3556 1870 3632 dio·

484 3661 553 3722 tum
579 3647 855 3749 Prcpositurnm
881 3653 1078 3742 obtinuerit
1103 3655 1225 3730 Annis
1256 3658 1413 3756 singulis
1445 3662 1482 3732 in
1508 3662 1670 3734 terminis
1701 3681 1772 3734 sen
1796 3670 1868 3731 ter·

483 3748 578 3821 mino
605 3745 809 3826 huiusmodi
827 3749 1126 3848 Quadringentos
1146 3751 1331 3832 Florcnos
1358 3760 1436 3832 nuri
1457 3759 1701 3836 Renenenses
1727 3757 1866 3857 ipsipue

483 3843 637 3944 Matheo
665 3845 840 3926 duntaxat
865 3851 1025 3952 qnandiu
1057 3856 1094 3928 in
1130 3867 1225 3941 statu
1259 3857 1517 3934 ecclesiastico
1553 3857 1759 3934 huiusmodi
1783 3875 1866 3956 per-

483 3947 655 4020 manserit
679 3947 773 4026 elios
800 3951 1098 4052 Quadringentos
1116 3953 1171 4031 nt
1211 3949 1302 4032 enos
1329 3957 1469 4032 similes
1495 3959 1556 4034 uel
1581 3959 1723 4033 illorum
1743 3977 1864 4031 nerum

482 4043 647 4121 uslorem
673 4059 710 4124 et
735 4053 769 4126 si
793 4047 890 4128 idem
914 4050 1090 4130 lllntlrcus
1185 4061 1276 4135 uerit
1300 4057 1419 4148 ,Vnam
1446 4059 1482 4132 in
1510 4063 1667 4159 pecunia
1686 4065 1864 4132 numerato

482 4155 519 4217 et
555 4145 661 4224 sliam
702 4149 903 4228 eorundem
943 4157 1185 4255 posteriorum
1232 4156 1586 4258 Quadringentorum
1628 4146 1864 4232 Florenorum

1970 416 1971 493 l

1969 587 1971 665 l
