4209 5034
742 538 1009 648 episcopatos
1037 528 1293 656 Augustani.
1604 533 1701 624 eet

294 837 299 844 .
329 767 426 848 lesia
442 765 626 846 Wertaclr
649 764 785 866 xxv!
806 769 969 849 florenos
981 769 1142 848 Necnon
1165 769 1246 848 ΧΠ
1269 769 1432 846 florenos
1457 766 1507 845 (le
1530 767 1708 850 Ecclesia

327 865 650 947 Kaetrisnbnuseu
673 881 781 968 prout
808 869 985 948 hactenns
1016 881 1179 974 tempore
1210 871 1446 960 institutionis
1470 868 1707 972 plebanorum
1848 884 1851 894 ·

328 966 506 1046 dictarum
532 969 773 1046 eeclesiarum
796 983 984 1072 receptum
1015 983 1076 1048 cst
1109 981 1146 1047 et
1181 971 1336 1046 solutum
1361 967 1452 1044 Item
1476 969 1584 1141 am
1609 991 1708 1047 nnnc

1510 1069 1594 1144 ictis
1620 1090 1710 1146 ecc·

327 1063 471 1146 Vicarii
486 1067 655 1144 Anonos
681 1069 820 1146 occia
849 1071 995 1148 ostolici
1021 1071 1156 1172 prinile
1184 1071 1206 1090 “
1233 1079 1408 1171 pretextu
1420 1069 1457 1142 iu

325 1163 436 1286 lesiis
458 1167 718 1288 perAbbatem
743 1183 780 1245 et
794 1095 1023 1289 fintenum
1047 1168 1137 1288 dicti
1151 1093 1370 1244 ffiuastcrii
1384 1168 1515 1288 'recipi
1534 1181 1708 1341 possm
1846 1274 1849 1280 Ι

325 1259 470 1344 rderrco
493 1265 604 1343 ndem
655 1291 743 1344 ruma
767 1291 852 1346 mee
877 1278 1082 1370 presentari
1105 1277 1299 1343 teneantur
1321 1266 1514 1384 Episcopo
1573 1275 1707 1365 ugust-
1793 1292 1799 1298 ·

327 1369 409 1442 ensi
424 1375 485 1442 aot
511 1389 582 1445 suo
637 1369 750 1444 icario
775 1369 823 1443 ad
840 1367 1094 1446 subiciendum
1117 1389 1163 1443 se
1178 1368 1338 1443 examine
1362 1389 1398 1440 ει
1412 1367 1484 1440 sint
1507 1361 1556 1440 ad
1581 1387 1705 1444 curam
1856 1410 1864 1425 x

326 1465 531 1562 regendum
563 1465 687 1543 idonei
719 1468 783 1543 vel
819 1491 887 1560 ne,
927 1463 1096 1568 quodsi
1197 1477 1369 1543 creantur
1401 1466 1518 1538 minus
1556 1463 1710 1565 ydonei,
1788 1489 1791 1500 ¹

304 1565 458 1642 'Abbas
484 1575 522 1642 et
546 1564 810 1642 Monasterium
836 1565 993 1668 predicti
1019 1565 1125 1642 alium
1186 1566 1345 1642 ebebuut
1368 1573 1586 1663 presentare
1609 1559 1710 1664 ydo-

326 1679 434 1740 neum
464 1664 559 1742 Jure
591 1663 770 1766 Episcopi
803 1669 909 1742 ctiam
944 1665 1067 1757 saluo,
1103 1661 1202 1765 quod
1236 1661 1445 1740 huiusmodi
1476 1674 1708 1764 presentatos

325 1765 914 1940 ltl‘tti’ttttbtttnlb
929 1761 1710 1960 ttbttff'tttllbbpbtb'tttb

325 1960 417 2040 item
433 1959 540 2062 *quod
567 1961 615 2038 dc
640 1964 799 2064 singulis
824 1962 1001 2039 ccelesiis
1033 1961 1328 2064 parrochialibus
1358 1961 1423 2038 vbi
1449 1959 1595 2061 plebani
1620 1981 1708 2060 per·

352 2062 427 2138 etui
479 2063 697 2138 ersoualiter
720 2087 791 2138 non
824 2062 989 2140 resident
1013 2071 1051 2138 et
1082 2062 1236 2138 annales
1261 2061 1525 2139 constituuntur
1550 2059 1708 2150 Vicarii,

325 2081 429 2238 ἦνθε
452 2087 580 2236 iuraui
605 2183 673 2262 pro
696 2159 851 2237 Juribus
876 2161 1165 2263 Episcopalibns
1190 2160 1384 2236 soluuntur
1409 2159 1535 2250 Quare
1559 2157 1705 2236 Vioarii

325 2259 495 2338 Annales
520 2257 695 2336 dictarum
720 2262 962 2338 ecclesiarum
987 2272 1179 2336 teneantur
1204 2272 1241 2334 el
1258 2260 1410 2360 quilibet
1425 2281 1549 2333 eorum
1562 2268 1709 2334 tenetur

224 2431 227 2447 Ὗ
327 2359 488 2460 singolis
503 2359 625 2433 Annis
648 2358 797 2434 totidem
823 2353 914 2434 dare
939 2369 1045 2461 prout
1060 2367 1275 2434 consuetum
1298 2367 1367 2432 est.
1391 2357 1483 2430 item
1510 2357 1710 2454 quociens-

327 2479 474 2559 cunque
499 2459 694 2555 contigerit
717 2459 939 2576 caritatiuum
970 2455 1172 2533 subsidium
1206 2475 1278 2530 seu
1310 2465 1470 2573 amoram
1501 2475 1571 2551 per
1593 2453 1708 2574 lipia·

325 2565 1134 2736 ttetl'ttttttttitillent:
1160 2551 1710 2730 lentilli-„tlibi

328 2767 487 2834 steuram
505 2753 711 2832 huiusmodi
727 2769 835 2854 prout
859 2753 931 2830 alie
950 2753 1119 2831 ecclesie
1143 2755 1181 2828 in
1207 2747 1601 2850 rliooesiAugusteusi
1626 2753 1710 2829 siae
1803 2832 1808 2840 ,

327 2855 570 2934 diminucione
621 2855 814 2932 ersoluere
839 2865 947 2956 prout
971 2852 1149 2931 bactenus
1173 2849 1224 2928 de
1253 2853 1348 2953 ipsis
1373 2851 1549 2927 ecclesiis
1573 2871 1710 2954 recep-

328 2965 401 3033 tum
425 2965 462 3032 et
459 2881 712 3134 Cpersoiutnra
737 2965 795 3030 est
812 2955 902 3030 ltem
928 2952 1025 3052 quoti
1049 2952 1160 3028 iidem
1181 2951 1324 3029 bicarii
1348 2959 1539 3028 teneantur
1563 2953 1711 3050 persol-

328 3077 422 3132 uere
494 3053 757 3131 cathedraticum
798 3065 835 3129 et
868 3051 1210 3154 Arubidyaconalia
1244 3060 1356 3147 atque
1394 3053 1708 3152 procuracionem,

329 3154 474 3254 aliaque
498 3175 612 3230 onera
631 3153 806 3230 dictarum
824 3153 1064 3229 ecclesiarum
1090 3163 1128 3227 et
1143 3145 1394 3249 Capitulotum
1408 3151 1593 3225 Ruralinm
1619 3175 1711 3251 snp-

333 3265 481 3356 portare
513 3261 621 3356 prout
655 3253 804 3355 plebani
834 3251 1083 3329 xecclesiarum
1118 3247 1316 3324 earundem
1341 3259 1450 3322 antea
1477 3248 1648 3322 lecerunt
1672 3257 1711 3324 et

329 3353 545 3430 tenebantur
568 3351 659 3428 Item
687 3351 782 3452 qnod
809 3375 876 3452 per
894 3351 1075 3426 Abbatem
1101 3359 1141 3424 et
1157 3343 1388 3424 (leunculum
1414 3347 1450 3420 in
1470 3343 1594 3422 Staum
1619 3367 1722 3438 coos
1767 3361 1773 3367 '

329 3475 424 3552 grue
448 3453 634 3571 porcionis
659 3454 736 3526 assi
767 3463 896 3527 nentur
919 3449 1085 3526 vicariis
1118 3445 1298 3548 predictis
1322 3447 1357 3521 si
1392 3447 1496 3544 prius
1522 3446 1712 3540 assignabo
1781 3485 1785 3490 ·

320 3575 401 3628 non
427 3562 500 3628 srnt
521 3549 572 3626 Et
597 3550 699 3650 quoti
755 3553 933 3652 piscopos
965 3571 1034 3649 pro
1066 3557 1230 3648 tempore
1262 3547 1430 3622 existens
1460 3542 1547 3619 illas
1578 3541 1712 3622 lrabeat

331 3655 462 3728 creare
486 3651 520 3727 si
537 3650 733 3726 videantur
747 3675 819 3726 nou
834 3647 1077 3740 sufficientes,
1100 3658 1142 3722 vt
1165 3643 1445 3747 hospitalitatem
1463 3649 1599 3718 tenere
1613 3641 1710 3720 Jnra

330 3747 570 3852 Episcopalia
586 3751 737 3826 soluere
753 3749 895 3848 aliaque
911 3769 1025 3825 onera
1050 3746 1294 3822 ecclesiarum
1314 3750 1531 3844 supportare
1554 3743 1718 3844 possint,

329 3848 419 3928 Item
446 3846 542 3949 qnod
568 3849 710 3926 Viearii
740 3851 798 3924 sie
824 3846 1035 3925 assumendi
1069 3844 1241 3950 debeant
1261 3865 1352 3919 esse
1382 3841 1577 3919 seculares
1600 3863 1710 3942 pres-

329 3947 353 4025 b
382 3951 452 4025 teri
485 3960 523 4025 et
556 3959 626 4023 mm
660 3971 731 4047 qno
767 3943 815 4022 ad
851 3949 971 4046 legem
1005 3945 1251 4047 dyocesauam
1284 3965 1389 4041 quam
1410 3939 1710 4018 Jnrisdictioncm

366 4050 523 4148 piscopo
548 4059 585 4123 et
609 4049 690 4122 suis
723 4048 1006 4124 successoribus
1029 4045 1200 4122 subiecti.
1246 4042 1338 4120 Item
1363 4064 1430 4142 pre
1455 4039 1647 4119 solucione
1673 4053 1711 4116 et

160 4238 171 4254 „
315 4148 598 4228 ‘obseruacicne
623 4150 880 4250 premissorum
903 4134 1044 4270 singuli*
1065 4144 1208 4224 fructus
1232 4139 1400 4221 redditus
1434 4149 1474 4218 et
1505 4151 1708 4240 prouentus

1277 4254 1377 4335 ΒΝ
