4209 5034
692 552 1251 688 episcopatcs'Augnstant
1582 566 1683 663 idi

309 810 349 880 et
370 797 633 901 ingentissimis
659 805 785 882 causis
811 815 849 882 et
873 804 943 884 sub
969 805 1160 905 qnibnsuis
1187 803 1383 882 uerborum
1408 800 1535 881 formis
1561 816 1600 882 et
1621 831 1688 885 su·

307 900 489 1001 predictis
505 913 542 980 et
567 903 760 1004 quibnsuir
777 906 861 982 aliis
886 907 993 982 etiam
1012 905 1323 1006 derogatoriarum
1348 905 1593 1004 derogatoriis
1607 907 1689 984 ior·

306 1002 459 1078 tissimis
493 1011 531 1078 ct
568 1004 804 1107 amplissimis
838 1003 1020 1082 clausulis
1045 1005 1211 1082 decretis
1243 1015 1280 1082 et
1311 1007 1617 1106 suspensionibus
1640 1029 1688 1086 ac

307 1103 415 1178 ctiam
435 1111 530 1178 motu
544 1106 694 1205 proprio
719 1114 756 1182 et
780 1127 831 1182 cx
857 1113 960 1182 certa
980 1105 1136 1182 scientia
1151 1115 1190 1182 et
1203 1104 1252 1180 de
1272 1105 1476 1206 apostolice
1493 1107 1687 1208 potestatis

306 1197 534 1303 plenitudine
558 1225 627 1306 per
651 1227 721 1282 nos
746 1215 784 1281 ot
809 1204 937 1282 sedem
962 1203 1161 1307 predictam
1194 1204 1374 1280 hactenus
1397 1204 1495 1280 iacta
1531 1217 1569 1282 et
1595 1228 1687 1282 eon·

306 1321 420 1378 cessa
444 1325 489 1379 ao
512 1301 746 1405 impostermn
759 1300 936 1381 iacienda
960 1315 998 1380 et
1023 1301 1267 1382 concedenda
1290 1313 1329 1380 at
1352 1303 1402 1380 ad
1426 1305 1543 1405 ipsum
1559 1305 1687 1382 Deca-

163 1412 172 1426 ‘
307 1408 429 1476 natum
452 1403 488 1477 in
512 1423 655 1502 genero
679 1405 741 1481 uel
766 1406 897 1506 specie
921 1407 1121 1482 nominatim
1146 1415 1207 1481 aot
1231 1403 1323 1481 alias
1351 1402 1618 1503 quomodolibet
1642 1424 1688 1481 re

308 1499 545 1580 extendentia
569 1504 675 1580 etian
700 1505 734 1580 si
758 1505 796 1584 io
821 1505 880 1583 eis
904 1505 1110 1586 iunocentii
1140 1503 1425 1606 predecessoris
1461 1515 1499 1578 et
1528 1525 1714 1607 presen-¹

307 1599 395 1678 tium
408 1600 1005 1723 litterarumboiusmoditencres
1025 1603 1081 1722 de
1098 1606 1217 1724 porbo
1241 1603 1289 1679 ad
1314 1604 1465 1722 uerbum
1479 1605 1688 1722 inserantup

306 1701 693 1878 bisilinliillli
725 1699 1690 1904 lttttltlttbetbstltbttlttttl
1853 1785 1857 1791 ’

307 1919 494 2000 expresse
509 1903 663 2000 prestito
689 1897 829 2001 dequo
855 1925 924 1998 per
948 1925 1075 1976 eorum
1098 1913 1267 2003 patentes
1284 1900 1427 1976 litteras
1452 1910 1598 1977 constet
1620 1899 1690 1976 de-

307 1998 431 2094 rogari
452 2021 569 2100 possa
594 1993 666 2075 sed
689 2000 753 2075 illa
777 2017 926 2102 semper
948 1999 1051 2075 lirma
1069 2013 1108 2076 et
1132 2002 1355 2076 inconcussa
1378 2021 1595 2100 permanere
1618 1997 1690 2075 de·-

110 2094 113 2109 ’
198 2143 201 2148 ·
308 2094 400 2174 berc
424 2119 471 2176 ac
494 2097 561 2174 illa
585 2101 689 2175 etiam
721 2101 758 2174 in
785 2109 954 2199 quantum
977 2099 1181 2179 Innocentii
1214 2107 1253 2175 et
1286 2099 1521 2202 presentibus
1556 2098 1689 2176 iuberis

98 3332 132 4314 “,“·““-.-”Ὲί““-“ι“”
98 3230 102 3243 '

307 2191 516 2272 huiusmodi
539 2199 576 2272 in
595 2207 669 2276 toto
693 2201 755 2274 uel
770 2221 848 2372 pro
873 2207 979 2302 parte
999 2198 1172 2300 derogari
1198 2194 1370 2274 uideatur
1393 2209 1432 2275 et
1453 2197 1543 2274 inde
1556 2207 1690 2276 secuta

308 2317 526 2396 quecunque
551 2319 597 2373 ac
623 2297 766 2397 quicqui
820 2309 858 2374 et
881 2294 1053 2382 totumid
1068 2298 1167 2400 quod
1182 2319 1297 2373 secus
1321 2319 1436 2396 super
1458 2297 1533 2372 biis
1552 2321 1575 2372 a
1597 2319 1691 2398 quc*

309 2417 413 2494 qnam
429 2395 559 2494 quauis
573 2399 785 2472 auctoritate
801 2398 965 2476 scienter
988 2397 1052 2472 uel
1067 2399 1278 2496 ignoranter
1302 2398 1519 2496 contingerit
1536 2403 1690 2496 attemp-

306 2493 377 2570 tart
403 2494 540 2570 nullius
566 2495 709 2570 roboris
734 2495 797 2572 uel
821 2497 987 2572 momenti
1001 2499 1057 2572 'aa
1082 2519 1149 2598 pro
1175 2493 1285 2569 nullis
1304 2507 1340 2571 at
1364 2517 1520 2596 prorsus
1541 2493 1714 2583 insecus
1841 2510 1845 2521 '

307 2587 436 2670 haberi
469 2594 648 2694 ipsosque
673 2590 880 2696 Capitulum
914 2602 953 2671 et
986 2594 1133 2670 illorum
1164 2593 1375 2693 singulares
1410 2616 1592 2695 personas
1624 2591 1690 2669 uel

309 2713 436 2769 eorum
461 2695 616 2792 aliquem
641 2694 786 2771 illisae
811 2693 1053 2796 processibus
1078 2691 1244 2796 desuper
1267 2715 1336 2796 pro
1368 2703 1532 2795 tempore
1557 2690 1690 2770 habitis

308 2793 451 2870 minimo
475 2813 609 2894 parere
633 2789 776 2872 debere
800 2803 838 2872 et
853 2815 1089 2894 quascunqne
1101 2795 1304 2872 sententias
1319 2815 1500 2872 censuras
1517 2803 1554 2870 et
1572 2814 1693 2914 penas
1801 2815 1809 2828 ·

168 2947 179 2956 .
309 2891 347 2966 in
372 2913 441 2969 eos
466 2917 583 2995 super
612 2891 685 2970 boo
717 2915 784 2996 pro
808 2905 972 2996 tempore
1002 2895 1166 2998 prolatas
1190 2917 1258 2972 cos
1292 2917 1364 2969 non
1398 2894 1514 2994 ligare
1547 2891 1691 2972 eisdem

233 3009 244 3018 ’
311 2994 528 3070 auctoritate
561 3003 599 3068 et
630 3004 760 3070 tenore
783 2993 1027 3079 ‘decernimus
1051 2993 1140 3071 Non
1166 2995 1391 3072 obstantibus
1428 2994 1620 3096 premissis
1644 3013 1693 3075 ac

312 3081 643 3170 constitutionibus
669 3103 709 3194 et
740 3091 1028 3172 ordinationibus
1061 3095 1275 3196 apostolicis
1310 3116 1453 3170 nemron
1484 3093 1629 3170 statutis
1655 3102 1694 3168 et

312 3189 641 3270 consuetudinibus
666 3189 754 3270 dicti
780 3191 947 3271 ecclesie
971 3195 1173 3272 iuramento
1198 3193 1470 3272 confirmatione
1489 3191 1693 3292 apostolica

312 3291 376 3368 uel
402 3293 532 3392 quouis
556 3292 720 3370 firmitate
746 3292 821 3370 alia
845 3294 1026 3370 roboratis
1050 3314 1098 3372 ac
1122 3295 1284 3371 omnibus
1308 3295 1384 3370 illis
1410 3313 1481 3394 que
1506 3290 1603 3366 idem
1627 3289 1693 3366 ln-

312 3393 508 3466 noaentius
531 3392 785 3493 predecessor
809 3393 846 3468 in
881 3392 1099 3470 dimissius
1132 3395 1265 3470 litteris
1299 3393 1416 3469 uoluit
1439 3413 1510 3466 non
1543 3390 1692 3467 obstare

314 3491 526 3591 ceterisque
557 3493 748 3569 contrariis
781 3493 984 3593 quibuscun

309 3587 421 3666 boeot
446 3589 541 3668 banc
563 3595 731 3693 paginam
756 3603 882 3669 nostre
907 3517 1149 3671 absduttonis
1181 3591 1450 3696 approbationis
1483 3599 1520 3665 et
1550 3584 1692 3665 decreti

310 3687 516 3788 infringere
540 3689 604 3766 uel
628 3693 665 3767 ei
691 3715 784 3768 auso
809 3695 1003 3768 temerario
1029 3695 1219 3770 contraire.
1244 3691 1371 3782 Sionis
1395 3698 1515 3766 autem
1539 3687 1613 3764 boc
1637 3699 1693 3764 at·

311 3799 489 3892 temptare
530 3813 650 3866 resum
678 3795 769 3868 serit
782 3789 1064 3887 indignationem
1080 3793 1335 3898 omnipotentis
1360 3790 1423 3866 dei
1447 3814 1493 3866 ac
1507 3787 1693 3866 beatorum
1829 3787 1832 3797 '

311 3885 418 3965 Petri
444 3900 482 3967 et
504 3815 614 3966 f‘auli
639 3815 902 3993 Xpostolorum
929 3894 1012 3968 eius
1037 3915 1084 3970 se
1106 3894 1253 3970 nouerit
1273 3893 1515 3968 incursurum·
1559 3889 1693 3964 Datum

311 3985 430 4066 Rome
456 3986 554 4108 apud
578 3987 894 4167 Sanctumpmum
919 3991 1031 4067 Anno
1063 3992 1326 4069 lucarnatioois
1361 3989 1541 4066 dominice
1566 3983 1694 4064 Mille·

312 4088 404 4264 {¹¹³⁰
430 4093 717 4265 qppngentesimo
780 4093 879 4170 ereio
895 4085 1094 4170 Kalendas
1107 4092 1304 4171 Februarii
1317 4089 1554 4169 Pontificatus
1579 4087 1693 4166 nostri

352 4211 423 4266 unc
489 4211 571 4267 ono.

1254 4301 1368 4381 42*

1011 3515 1059 3569 ue
1083 3493 1189 3570 Nulli
1220 3515 1311 3589 ergo
1344 3493 1484 3568 omnino
1513 3487 1692 3564 hominnm
1828 3539 1833 3546 ·
1942 3551 1946 3561 ,
