4209 5034
750 1184 753 1190 ·
785 1153 874 1214 mm
895 1153 990 1214 toea.
1016 1157 1068 1218 na.
1090 1149 1207 1219 maroa.
1250 1159 1420 1232 numm.

374 1281 693 1430 ''Burlhordua
731 1357 799 1446 ep.
845 1339 1028 1445 capitulo
1068 1335 1231 1424 innotus
1269 1338 1493 1425 decimales
1534 1341 1704 1425 laicales
1749 1343 1792 1423 in

778 1447 1147 1544 Gabelbachruteu
1176 1461 1430 1563 incorporat.

488 1698 534 1776 ln
555 1697 700 1780 nomine
720 1693 853 1776 domiui
878 1717 981 1774 amen
1001 1695 1085 1774 Nos
1104 1697 1324 1776 Burkardus
1339 1694 1400 1774 dei
1419 1707 1456 1775 et
1468 1698 1672 1798 apostolice
1687 1696 1794 1774 sedis

285 1819 289 1822 ·
412 1799 544 1918 gracia
564 1795 778 1913 Episcopus
805 1793 971 1914 ecclesie
997 1797 1273 1988 (icanoensis,
1310 1809 1433 1874 notum
1449 1797 1611 1917 ‘fpcimns
1634 1819 1793 1916 presen-

414 1895 1043 2077 ttltdtttttll'etttttttd
1076 1896 1794 2101 dlvlfflttotttttottlttb

414 2093 543 2195 lllgidii
575 2105 614 2168 ct
640 2094 827 2173 vicarium
860 2091 963 2175 chori
995 2095 1162 2174 ecclesie
1199 2111 1326 2176 nostre
1355 2098 1614 2198 Augustensis
1645 2108 1795 2196 propter
1914 2161 1918 2168 .

364 2269 369 2276 ,
414 2195 635 2298 memerito
659 2217 737 2288 sna,
763 2193 949 2289 Decimam
976 2194 1181 2296 Layoalem
1204 2219 1276 2274 seu
1301 2199 1430 2278 omines
1453 2199 1594 2276 fructus
1619 2195 1795 2270 Decima·

415 2293 483 2374 tom
499 2293 691 2396 Laycales
714 2294 751 2368 in
778 2293 1121 2389 Gabelbaohrnten,
1157 2318 1250 2396 quos
1280 2319 1306 2370 a
1339 2298 1448 2372 nobis
1472 2309 1508 2372 et
1535 2295 1703 2374 ecclesia
1726 2314 1795 2368 no-
1873 2303 1877 2309 ’

415 2403 492 2476 stra
528 2395 747 2492 augustensi
777 2402 879 2470 tenet
911 2404 949 2470 et
980 2398 1093 2477 tenuit
1127 2394 1222 2472 June
1255 2392 1415 2492 feodali,
1450 2397 1498 2472 ab
1536 2392 1667 2471 codem
1697 2390 1795 2470 Jnre

413 2489 554 2576 feodali
586 2505 714 2571 tenore
750 2494 982 2594 presencium
1016 2497 1209 2582 eximimus
1245 2511 1354 2596 atque
1389 2496 1585 2574 liberamus
1618 2515 1687 2594 per
1722 2490 1796 2569 leo

414 2594 562 2695 scripta.
612 2593 706 2668 Post
730 2615 804 2691 quo
826 2615 919 2670 uero
944 2589 1175 2672 Oorrstitutus
1206 2619 1329 2674 coram
1361 2598 1468 2676 mobis
1499 2591 1597 2674 idem
1622 2586 1797 2675 Cbunra‘-

415 2691 489 2776 dua
519 2694 583 2793 pia
613 2693 808 2774 affcctione
851 2691 984 2770 ductos
1015 2717 1084 2796 pro
1116 2695 1281 2779 remedio
1313 2695 1548 2797 pcccatorum
1577 2718 1726 2771 suoram
1758 2703 1798 2767 ct

418 2791 573 2873 omoium
597 2793 870 2891 progenitorum
901 2794 1023 2893 ipsius
1052 2793 1253 2886 predictam
1290 2793 1466 2870 decimam
1498 2793 1698 2892 laycalem,
1723 2808 1797 2860 sen

417 2912 543 2976 omnes
575 2888 718 2979 iructm
752 2889 953 2968 decimales
987 2892 1157 2992 laycalem
1181 2893 1218 2966 in
1244 2891 1567 2968 Gabelbachruten
1594 2882 1794 2985 predictos.

419 3013 523 3089 quam
556 2997 594 3066 et
625 3011 720 3090 qnos
747 2991 832 3072 emit
864 3002 902 3068 et
926 2993 1144 3094 conparauit
1175 2991 1219 3067 nb
1252 2990 1462 3067 Hermanno
1496 2987 1545 3062 de
1576 2987 1795 3084 Burgauwe

420 3089 613 3186 armigero,
638 3114 742 3194 qoam
767 3093 883 3168 eciam
907 3101 944 3167 et
995 3115 1063 3168 uos
1087 3090 1204 3170 tenuit
1226 3115 1250 3166 a
1273 3090 1382 3166 nobis
1393 3087 1490 3164 Jure
1513 3083 1655 3162 feodali
1676 3082 1795 3160 libere

422 3199 458 3272 et
480 3187 652 3290 perfecie
676 3193 771 3278 inter
794 3191 905 3268 riuos
929 3116 1057 3268 valida
1088 3202 1127 3268 et
1156 3200 1336 3290 perpetua
1361 3188 1565 3264 donacione
1590 3196 1629 3264 et
1651 3186 1797 3260 irreco-

419 3289 529 3374 t‘obili
551 3288 602 3382 do
625 3300 751 3368 nostro
776 3313 936 3376 assensu
961 3289 1106 3369 donauit
1132 3284 1303 3389 Capitulo
1329 3289 1495 3366 ecclesie
1518 3298 1644 3364 nostre
1661 3284 1796 3381 Augu-

418 3391 557 3468 stensis
582 3391 620 3468 iu
645 3391 833 3490 suipsius
860 3388 1102 3470 donacionem
1125 3391 1328 3490 recipiente
1362 3399 1399 3466 et
1423 3389 1461 3464 in
1485 3386 1605 3487 ipsius
1631 3379 1796 3483 Capitoli
1887 3435 1890 3440 -

418 3487 608 3563 utilitatem
633 3485 918 3566 connectendam
943 3499 980 3565 et
1004 3486 1276 3565 connectendas
1301 3485 1387 3563 Nos
1424 3495 1524 3562 rero‘
1550 3487 1611 3584 qni
1635 3480 1796 3560 diuinum
1924 3501 1932 3510 ’

421 3586 554 3664 cultum
579 3590 714 3664 nostris
740 3591 905 3689 cupimus
937 3591 1068 3688 angeri
1104 3588 1327 3685 temporibus
1350 3585 1510 3663 Necnon
1533 3587 1628 3686 piam
1651 3582 1796 3659 adecti-

420 3707 526 3762 onem
551 3685 638 3766 dicti
663 3683 855 3763 Chunradi
888 3685 936 3761 de
968 3683 1147 3762 Wilbacln
1182 3683 1407 3762 coadiuuare
1438 3685 1610 3761 volentes
1641 3677 1797 3757 eaodem

421 3779 598 3862 decimam
623 3797 661 3864 et
685 3786 831 3862 fructus
857 3783 1057 3861 decimales
1081 3786 1118 3859 in
1145 3783 1465 3861 Gabelbaclrruten
1486 3779 1607 3860 eidem
1622 3777 1796 3881 Capitulo

421 3885 586 3962 ecclesie
611 3895 737 3962 nostre
758 3885 1011 3984 Augustensis
1036 3885 1322 3983 incorporamus,
1347 3887 1573 3961 annectimus
1598 3893 1636 3958 ct
1652 3880 1797 3955 ruimus

422 3987 516 4060 omni
539 3983 634 4060 Jure
659 3985 774 4060 lorma
799 3995 836 4059 et
860 3981 967 4059 modo
994 3983 1123 4082 quibus
1147 4006 1345 4084 possumus
1371 3995 1408 4061 et
1429 3983 1617 4074 debemus,
1642 3972 1796 4055 eandem

422 4081 660 4160 donacionem
684 4094 724 4158 vt
748 4085 806 4158 sic
830 4082 961 4158 factam
986 4083 1239 4182 approbamus,
1264 4083 1495 4174 ratificamus,
1522 4094 1559 4158 et
1578 4083 1797 4177 inquantum

385 4181 389 4187 '
423 4181 471 4257 ad
495 4205 564 4258 nos
589 4182 748 4280 pertinet
771 4193 898 4258 tenore
923 4183 1156 4280 presencium
1179 4181 1442 4259 confirmamus.
1475 4183 1519 4258 lo
1546 4201 1696 4355 puerum
1720 4199 1798 4252 om-

422 4283 517 4356 nium
543 4291 580 4354 et
604 4279 828 4377 singulorum
853 4283 1091 4358 testimouium
1115 4296 1310 4383 presentes
1336 4281 1519 4359 conscribi
1569 4282 1726 4366 ecimus,
1760 4284 1798 4349 et
