<?xml version="1.0" encoding="UTF-8"?>
<!DOCTYPE html PUBLIC "-//W3C//DTD XHTML 1.0 Transitional//EN"
    "http://www.w3.org/TR/xhtml1/DTD/xhtml1-transitional.dtd">
<html xmlns="http://www.w3.org/1999/xhtml" xml:lang="en" lang="en">
 <head>
  <title>
</title>
<meta http-equiv="Content-Type" content="text/html;charset=utf-8" />
  <meta name='ocr-system' content='tesseract 3.04.00' />
  <meta name='ocr-capabilities' content='ocr_page ocr_carea ocr_par ocr_line ocrx_word'/>
</head>
<body>
  <div class='ocr_page' id='page_1' title='image "./monumentaboicae20landgoog_0211.png"; bbox 0 0 4209 5034; ppageno 0'>
   <div class='ocr_carea' id='block_1_1' title="bbox 784 1063 1370 1177">
    <p class='ocr_par' dir='ltr' id='par_1_1' title="bbox 784 1063 1370 1177">
     <span class='ocr_line' id='line_1_1' title="bbox 784 1063 1370 1177; baseline -0.003 -4"><span class='ocrx_word' id='word_1_1' title='bbox 784 1166 788 1173; x_wconf 83' lang='lat'>.</span> <span class='ocrx_word' id='word_1_2' title='bbox 890 1068 984 1177; x_wconf 75' lang='lat' dir='ltr'><strong>fanno</strong></span> <span class='ocrx_word' id='word_1_3' title='bbox 1006 1063 1101 1177; x_wconf 71' lang='lat' dir='ltr'><strong>urm.</strong></span> <span class='ocrx_word' id='word_1_4' title='bbox 1128 1114 1160 1175; x_wconf 84' lang='lat' dir='ltr'><strong>r.</strong></span> <span class='ocrx_word' id='word_1_5' title='bbox 1180 1110 1370 1174; x_wconf 65' lang='lat' dir='ltr'><strong>aaronem.</strong></span> 
     </span>
    </p>
   </div>
   <div class='ocr_carea' id='block_1_2' title="bbox 435 1242 1929 1685">
    <p class='ocr_par' dir='ltr' id='par_1_2' title="bbox 435 1242 1929 1687">
     <span class='ocr_line' id='line_1_2' title="bbox 435 1242 1817 1426; baseline 0.001 -27"><span class='ocrx_word' id='word_1_6' title='bbox 435 1249 712 1399; x_wconf 70' lang='lat' dir='ltr'><strong>diberhardns</strong></span> <span class='ocrx_word' id='word_1_7' title='bbox 740 1333 807 1418; x_wconf 92' lang='lat' dir='ltr'><strong>ep.</strong></span> <span class='ocrx_word' id='word_1_8' title='bbox 828 1268 1206 1426; x_wconf 71' lang='lat' dir='ltr'><strong>augmentationem</strong></span> <span class='ocrx_word' id='word_1_9' title='bbox 1223 1249 1445 1401; x_wconf 84' lang='lat' dir='ltr'><strong>dotationis</strong></span> <span class='ocrx_word' id='word_1_10' title='bbox 1462 1266 1690 1421; x_wconf 72' lang='lat' dir='ltr'>perpetuae</span> <span class='ocrx_word' id='word_1_11' title='bbox 1710 1242 1817 1399; x_wconf 71' lang='lat' dir='ltr'><strong>inb-</strong></span> 
     </span>
     <span class='ocr_line' id='line_1_3' title="bbox 437 1426 1817 1551; baseline 0.004 -37"><span class='ocrx_word' id='word_1_12' title='bbox 437 1450 514 1514; x_wconf 90' lang='lat' dir='ltr'><strong>sae</strong></span> <span class='ocrx_word' id='word_1_13' title='bbox 537 1430 582 1512; x_wconf 93' lang='lat' dir='ltr'><strong>in</strong></span> <span class='ocrx_word' id='word_1_14' title='bbox 611 1428 773 1536; x_wconf 89' lang='lat' dir='ltr'><strong>capella</strong></span> <span class='ocrx_word' id='word_1_15' title='bbox 803 1426 869 1515; x_wconf 83' lang='lat' dir='ltr'><strong>St.</strong></span> <span class='ocrx_word' id='word_1_16' title='bbox 895 1430 1084 1517; x_wconf 90' lang='lat' dir='ltr'><strong>Udalrioi</strong></span> <span class='ocrx_word' id='word_1_17' title='bbox 1097 1434 1156 1517; x_wconf 86' lang='lat' dir='ltr'><strong>in</strong></span> <span class='ocrx_word' id='word_1_18' title='bbox 1183 1438 1320 1517; x_wconf 91' lang='lat' dir='ltr'><strong>monte</strong></span> <span class='ocrx_word' id='word_1_19' title='bbox 1342 1433 1468 1551; x_wconf 82' lang='lat' dir='ltr'><strong>iuxta</strong></span> <span class='ocrx_word' id='word_1_20' title='bbox 1484 1431 1714 1549; x_wconf 75' lang='lat' dir='ltr'><strong>Dillingen</strong></span> <span class='ocrx_word' id='word_1_21' title='bbox 1739 1452 1817 1550; x_wconf 80' lang='lat' dir='ltr'><strong>per</strong></span> 
     </span>
     <span class='ocr_line' id='line_1_4' title="bbox 465 1542 1929 1685; baseline 0 -48"><span class='ocrx_word' id='word_1_22' title='bbox 465 1632 493 1641; x_wconf 79' lang='grc'><strong>,,</strong></span> <span class='ocrx_word' id='word_1_23' title='bbox 603 1542 804 1633; x_wconf 81' lang='lat' dir='ltr'><strong>decanum</strong></span> <span class='ocrx_word' id='word_1_24' title='bbox 823 1543 1006 1656; x_wconf 75' lang='lat' dir='ltr'><strong>iliricum</strong></span> <span class='ocrx_word' id='word_1_25' title='bbox 1029 1546 1334 1669; x_wconf 79' lang='lat' dir='ltr'><strong>Burggrafium</strong></span> <span class='ocrx_word' id='word_1_26' title='bbox 1357 1551 1489 1685; x_wconf 78' lang='lat' dir='ltr'><strong>ratam</strong></span> <span class='ocrx_word' id='word_1_27' title='bbox 1509 1550 1648 1683; x_wconf 85' lang='lat' dir='ltr'><strong>habet</strong></span> <span class='ocrx_word' id='word_1_28' title='bbox 1698 1642 1701 1647; x_wconf 11' lang='grc' dir='ltr'><strong>Α</strong></span> <span class='ocrx_word' id='word_1_29' title='bbox 1925 1550 1929 1556; x_wconf 78' lang='grc'><strong><em>’</em></strong></span> 
     </span>
    </p>
   </div>
   <div class='ocr_carea' id='block_1_3' title="bbox 434 1780 1819 2286">
    <p class='ocr_par' dir='ltr' id='par_1_3' title="bbox 434 1780 1819 2286">
     <span class='ocr_line' id='line_1_5' title="bbox 532 1780 1817 1884; baseline 0.002 -27"><span class='ocrx_word' id='word_1_30' title='bbox 532 1781 577 1857; x_wconf 91' lang='lat' dir='ltr'><strong>In</strong></span> <span class='ocrx_word' id='word_1_31' title='bbox 600 1782 745 1859; x_wconf 86' lang='lat' dir='ltr'><strong>nomine</strong></span> <span class='ocrx_word' id='word_1_32' title='bbox 770 1780 905 1864; x_wconf 89' lang='lat' dir='ltr'><strong>domiui</strong></span> <span class='ocrx_word' id='word_1_33' title='bbox 928 1781 1050 1861; x_wconf 80' lang='lat' dir='ltr'><strong>Amen</strong></span> <span class='ocrx_word' id='word_1_34' title='bbox 1074 1783 1280 1863; x_wconf 87' lang='lat' dir='ltr'><strong>Pastoralis</strong></span> <span class='ocrx_word' id='word_1_35' title='bbox 1311 1782 1424 1862; x_wconf 85' lang='lat' dir='ltr'><strong>oflicii</strong></span> <span class='ocrx_word' id='word_1_36' title='bbox 1457 1780 1617 1861; x_wconf 88' lang='lat' dir='ltr'><strong>debiturn</strong></span> <span class='ocrx_word' id='word_1_37' title='bbox 1650 1799 1723 1884; x_wconf 82' lang='lat' dir='ltr'><strong>quo</strong></span> <span class='ocrx_word' id='word_1_38' title='bbox 1746 1780 1817 1879; x_wconf 62' lang='lat' dir='ltr'><strong>sor-2</strong></span> 
     </span>
     <span class='ocr_line' id='line_1_6' title="bbox 436 1881 1819 1983; baseline 0.001 -25"><span class='ocrx_word' id='word_1_39' title='bbox 436 1903 516 1959; x_wconf 89' lang='lat' dir='ltr'><strong>mus</strong></span> <span class='ocrx_word' id='word_1_40' title='bbox 548 1881 735 1957; x_wconf 75' lang='lat' dir='ltr'><strong>uniuersis</strong></span> <span class='ocrx_word' id='word_1_41' title='bbox 772 1882 949 1959; x_wconf 87' lang='lat' dir='ltr'><strong>ecclesiis</strong></span> <span class='ocrx_word' id='word_1_42' title='bbox 984 1894 1112 1961; x_wconf 85' lang='lat' dir='ltr'><strong>nostre</strong></span> <span class='ocrx_word' id='word_1_43' title='bbox 1152 1882 1420 1963; x_wconf 86' lang='lat' dir='ltr'><strong>iurisdictionis</strong></span> <span class='ocrx_word' id='word_1_44' title='bbox 1452 1882 1631 1983; x_wconf 83' lang='lat' dir='ltr'><strong>subiectis</strong></span> <span class='ocrx_word' id='word_1_45' title='bbox 1663 1882 1819 1983; x_wconf 80' lang='lat' dir='ltr'><strong>obligati</strong></span> 
     </span>
     <span class='ocr_line' id='line_1_7' title="bbox 436 1979 1818 2089; baseline 0.001 -30"><span class='ocrx_word' id='word_1_46' title='bbox 436 1979 590 2059; x_wconf 78' lang='lat' dir='ltr'><strong>assidue</strong></span> <span class='ocrx_word' id='word_1_47' title='bbox 613 2004 683 2057; x_wconf 86' lang='lat' dir='ltr'><strong>nos</strong></span> <span class='ocrx_word' id='word_1_48' title='bbox 708 1980 906 2082; x_wconf 72' lang='lat' dir='ltr'><strong>compellit,</strong></span> <span class='ocrx_word' id='word_1_49' title='bbox 931 1994 970 2057; x_wconf 88' lang='lat' dir='ltr'><strong>nt</strong></span> <span class='ocrx_word' id='word_1_50' title='bbox 992 1986 1097 2060; x_wconf 87' lang='lat' dir='ltr'><strong>cirea</strong></span> <span class='ocrx_word' id='word_1_51' title='bbox 1120 1986 1281 2089; x_wconf 86' lang='lat' dir='ltr'><strong>ipsarum</strong></span> <span class='ocrx_word' id='word_1_52' title='bbox 1306 1996 1343 2063; x_wconf 87' lang='lat' dir='ltr'><strong>et</strong></span> <span class='ocrx_word' id='word_1_53' title='bbox 1363 1982 1562 2079; x_wconf 86' lang='lat' dir='ltr'><strong>earundem</strong></span> <span class='ocrx_word' id='word_1_54' title='bbox 1575 2006 1818 2085; x_wconf 86' lang='lat' dir='ltr'><strong>personarum</strong></span> 
     </span>
     <span class='ocr_line' id='line_1_8' title="bbox 434 2078 1817 2183; baseline 0 -26"><span class='ocrx_word' id='word_1_55' title='bbox 434 2090 568 2169; x_wconf 85' lang='lat' dir='ltr'><strong>statum</strong></span> <span class='ocrx_word' id='word_1_56' title='bbox 591 2103 816 2181; x_wconf 87' lang='lat' dir='ltr'><strong>prosperum</strong></span> <span class='ocrx_word' id='word_1_57' title='bbox 832 2080 1064 2181; x_wconf 85' lang='lat' dir='ltr'><strong>dirigendum</strong></span> <span class='ocrx_word' id='word_1_58' title='bbox 1086 2107 1133 2161; x_wconf 87' lang='lat' dir='ltr'><strong>ac</strong></span> <span class='ocrx_word' id='word_1_59' title='bbox 1149 2086 1293 2179; x_wconf 86' lang='lat' dir='ltr'><strong>utiliter</strong></span> <span class='ocrx_word' id='word_1_60' title='bbox 1315 2094 1352 2161; x_wconf 90' lang='lat' dir='ltr'><strong>et</strong></span> <span class='ocrx_word' id='word_1_61' title='bbox 1375 2083 1539 2161; x_wconf 78' lang='lat' dir='ltr'><strong>feliciter</strong></span> <span class='ocrx_word' id='word_1_62' title='bbox 1557 2078 1817 2183; x_wconf 82' lang='lat' dir='ltr'><strong>adaugendum</strong></span> 
     </span>
     <span class='ocr_line' id='line_1_9' title="bbox 434 2180 1818 2286; baseline 0.003 -31"><span class='ocrx_word' id='word_1_63' title='bbox 434 2180 606 2255; x_wconf 78' lang='lat' dir='ltr'><strong>sollicitis</strong></span> <span class='ocrx_word' id='word_1_64' title='bbox 642 2180 778 2257; x_wconf 84' lang='lat' dir='ltr'><strong>studiis</strong></span> <span class='ocrx_word' id='word_1_65' title='bbox 817 2181 1067 2275; x_wconf 82' lang='lat' dir='ltr'><strong>intendamus,</strong></span> <span class='ocrx_word' id='word_1_66' title='bbox 1113 2182 1342 2261; x_wconf 85' lang='lat' dir='ltr'><strong>consulendo</strong></span> <span class='ocrx_word' id='word_1_67' title='bbox 1378 2186 1539 2286; x_wconf 87' lang='lat' dir='ltr'><strong>ipsarum</strong></span> <span class='ocrx_word' id='word_1_68' title='bbox 1604 2206 1818 2271; x_wconf 83' lang='lat' dir='ltr'><strong>ersonarurn</strong></span> 
     </span>
    </p>
   </div>
   <div class='ocr_carea' id='block_1_4' title="bbox 319 2279 1819 2389">
    <p class='ocr_par' dir='ltr' id='par_1_4' title="bbox 319 2279 1819 2389">
     <span class='ocr_line' id='line_1_10' title="bbox 319 2279 1819 2389; baseline 0.003 -36"><span class='ocrx_word' id='word_1_69' title='bbox 319 2352 328 2373; x_wconf 62' lang='grc'><em>,</em></span> <span class='ocrx_word' id='word_1_70' title='bbox 435 2279 744 2357; x_wconf 84' lang='lat' dir='ltr'><strong>neccessitatibus</strong></span> <span class='ocrx_word' id='word_1_71' title='bbox 770 2291 808 2359; x_wconf 92' lang='lat' dir='ltr'><strong>et</strong></span> <span class='ocrx_word' id='word_1_72' title='bbox 831 2284 1133 2382; x_wconf 75' lang='lat' dir='ltr'><strong>oportunitatibus</strong></span> <span class='ocrx_word' id='word_1_73' title='bbox 1156 2280 1386 2389; x_wconf 83' lang='lat' dir='ltr'><strong>procidendo</strong></span> <span class='ocrx_word' id='word_1_74' title='bbox 1408 2282 1557 2360; x_wconf 88' lang='lat' dir='ltr'><strong>Idcirco</strong></span> <span class='ocrx_word' id='word_1_75' title='bbox 1624 2282 1819 2360; x_wconf 74' lang='lat' dir='ltr'><strong>ealdber-</strong></span> 
     </span>
    </p>
   </div>
   <div class='ocr_carea' id='block_1_5' title="bbox 360 2373 1897 4277">
    <p class='ocr_par' dir='ltr' id='par_1_5' title="bbox 360 2373 1897 4277">
     <span class='ocr_line' id='line_1_11' title="bbox 434 2373 1817 2501; baseline 0.004 -48"><span class='ocrx_word' id='word_1_76' title='bbox 434 2373 670 2455; x_wconf 73' lang='lat' dir='ltr'><strong>hardus.&#39;dei</strong></span> <span class='ocrx_word' id='word_1_77' title='bbox 707 2390 745 2456; x_wconf 92' lang='lat' dir='ltr'><strong>et</strong></span> <span class='ocrx_word' id='word_1_78' title='bbox 781 2382 986 2501; x_wconf 89' lang='lat' dir='ltr'><strong>apostolice</strong></span> <span class='ocrx_word' id='word_1_79' title='bbox 1018 2382 1125 2459; x_wconf 87' lang='lat' dir='ltr'><strong>sedis</strong></span> <span class='ocrx_word' id='word_1_80' title='bbox 1157 2384 1284 2481; x_wconf 80' lang='lat' dir='ltr'><strong>gracia</strong></span> <span class='ocrx_word' id='word_1_81' title='bbox 1315 2382 1526 2485; x_wconf 74' lang='lat' dir='ltr'><strong>Episcopus</strong></span> <span class='ocrx_word' id='word_1_82' title='bbox 1558 2382 1817 2483; x_wconf 82' lang='lat' dir='ltr'><strong>Angustensis</strong></span> 
     </span>
     <span class='ocr_line' id='line_1_12' title="bbox 433 2475 1818 2584; baseline 0.003 -31"><span class='ocrx_word' id='word_1_83' title='bbox 433 2475 484 2553; x_wconf 90' lang='lat' dir='ltr'><strong>ad</strong></span> <span class='ocrx_word' id='word_1_84' title='bbox 525 2500 592 2579; x_wconf 91' lang='lat' dir='ltr'><strong>per</strong></span> <span class='ocrx_word' id='word_1_85' title='bbox 618 2490 736 2558; x_wconf 87' lang='lat' dir='ltr'><strong>etnam</strong></span> <span class='ocrx_word' id='word_1_86' title='bbox 767 2505 823 2558; x_wconf 90' lang='lat' dir='ltr'><strong>rer</strong></span> <span class='ocrx_word' id='word_1_87' title='bbox 847 2483 1051 2559; x_wconf 90' lang='lat' dir='ltr'><strong>memoriam</strong></span> <span class='ocrx_word' id='word_1_88' title='bbox 1084 2494 1256 2559; x_wconf 80' lang='lat' dir='ltr'><strong>constare</strong></span> <span class='ocrx_word' id='word_1_89' title='bbox 1288 2478 1458 2559; x_wconf 81' lang='lat' dir='ltr'><strong>volumus</strong></span> <span class='ocrx_word' id='word_1_90' title='bbox 1492 2484 1726 2584; x_wconf 85' lang='lat' dir='ltr'><strong>presencium</strong></span> <span class='ocrx_word' id='word_1_91' title='bbox 1756 2483 1818 2557; x_wconf 89' lang='lat' dir='ltr'><strong>in-</strong></span> 
     </span>
     <span class='ocr_line' id='line_1_13' title="bbox 433 2504 1817 2681; baseline 0.001 -26"><span class='ocrx_word' id='word_1_92' title='bbox 433 2504 669 2680; x_wconf 80' lang='lat' dir='ltr'><strong>spectoribus</strong></span> <span class='ocrx_word' id='word_1_93' title='bbox 692 2582 892 2666; x_wconf 81' lang='lat' dir='ltr'><strong>vnlnersis,</strong></span> <span class='ocrx_word' id='word_1_94' title='bbox 919 2578 1214 2659; x_wconf 77' lang='lat' dir='ltr'><strong>Consideremus</strong></span> <span class='ocrx_word' id='word_1_95' title='bbox 1238 2584 1362 2681; x_wconf 87' lang='lat' dir='ltr'><strong>itaque</strong></span> <span class='ocrx_word' id='word_1_96' title='bbox 1396 2575 1489 2657; x_wconf 91' lang='lat' dir='ltr'><strong>illud</strong></span> <span class='ocrx_word' id='word_1_97' title='bbox 1522 2580 1615 2658; x_wconf 82' lang='lat' dir='ltr'><strong>felix</strong></span> <span class='ocrx_word' id='word_1_98' title='bbox 1645 2578 1817 2658; x_wconf 84' lang='lat' dir='ltr'><strong>lucrandi</strong></span> 
     </span>
     <span class='ocr_line' id='line_1_14' title="bbox 434 2679 1837 2781; baseline 0.001 -26"><span class='ocrx_word' id='word_1_99' title='bbox 434 2679 687 2757; x_wconf 88' lang='lat' dir='ltr'><strong>commercium</strong></span> <span class='ocrx_word' id='word_1_100' title='bbox 718 2682 756 2755; x_wconf 93' lang='lat' dir='ltr'><strong>in</strong></span> <span class='ocrx_word' id='word_1_101' title='bbox 789 2704 860 2781; x_wconf 84' lang='lat' dir='ltr'><strong>qno</strong></span> <span class='ocrx_word' id='word_1_102' title='bbox 892 2683 1118 2758; x_wconf 84' lang='lat' dir='ltr'><strong>venerabilis</strong></span> <span class='ocrx_word' id='word_1_103' title='bbox 1152 2691 1190 2759; x_wconf 89' lang='lat' dir='ltr'><strong>et</strong></span> <span class='ocrx_word' id='word_1_104' title='bbox 1219 2683 1257 2757; x_wconf 92' lang='lat' dir='ltr'><strong>in</strong></span> <span class='ocrx_word' id='word_1_105' title='bbox 1291 2680 1442 2759; x_wconf 85' lang='lat' dir='ltr'><strong>Christo</strong></span> <span class='ocrx_word' id='word_1_106' title='bbox 1476 2680 1634 2765; x_wconf 82' lang='lat' dir='ltr'><strong>deuotus¹</strong></span> <span class='ocrx_word' id='word_1_107' title='bbox 1669 2680 1837 2757; x_wconf 76' lang='lat' dir='ltr'><strong>ulricus-</strong></span> 
     </span>
     <span class='ocr_line' id='line_1_15' title="bbox 432 2776 1815 2883; baseline 0.002 -31"><span class='ocrx_word' id='word_1_108' title='bbox 432 2777 657 2878; x_wconf 80' lang='lat' dir='ltr'><strong>Burggranii</strong></span> <span class='ocrx_word' id='word_1_109' title='bbox 683 2778 850 2856; x_wconf 83' lang='lat' dir='ltr'><strong>decanus</strong></span> <span class='ocrx_word' id='word_1_110' title='bbox 873 2782 1040 2857; x_wconf 87' lang='lat' dir='ltr'><strong>ecclesie</strong></span> <span class='ocrx_word' id='word_1_111' title='bbox 1065 2792 1190 2857; x_wconf 89' lang='lat' dir='ltr'><strong>nostre</strong></span> <span class='ocrx_word' id='word_1_112' title='bbox 1216 2776 1485 2879; x_wconf 70' lang='lat' dir='ltr'><strong>Augustanus,</strong></span> <span class='ocrx_word' id='word_1_113' title='bbox 1510 2778 1711 2883; x_wconf 86' lang='lat' dir='ltr'><strong>prudenter</strong></span> <span class='ocrx_word' id='word_1_114' title='bbox 1734 2790 1815 2857; x_wconf 91' lang='lat' dir='ltr'><strong>ter-</strong></span> 
     </span>
     <span class='ocr_line' id='line_1_16' title="bbox 360 2879 1816 2981; baseline 0.008 -36"><span class='ocrx_word' id='word_1_115' title='bbox 360 2936 372 2945; x_wconf 85' lang='lat'><em>.</em></span> <span class='ocrx_word' id='word_1_116' title='bbox 434 2898 526 2952; x_wconf 91' lang='lat' dir='ltr'><strong>rena</strong></span> <span class='ocrx_word' id='word_1_117' title='bbox 550 2898 617 2977; x_wconf 92' lang='lat' dir='ltr'><strong>pro</strong></span> <span class='ocrx_word' id='word_1_118' title='bbox 644 2879 850 2955; x_wconf 86' lang='lat' dir='ltr'><strong>celestibus</strong></span> <span class='ocrx_word' id='word_1_119' title='bbox 873 2890 1002 2954; x_wconf 86' lang='lat' dir='ltr'><strong>eterna</strong></span> <span class='ocrx_word' id='word_1_120' title='bbox 1032 2904 1100 2980; x_wconf 90' lang='lat' dir='ltr'><strong>pro</strong></span> <span class='ocrx_word' id='word_1_121' title='bbox 1128 2880 1388 2981; x_wconf 77' lang='lat' dir='ltr'><strong>temporalibus</strong></span> <span class='ocrx_word' id='word_1_122' title='bbox 1412 2880 1549 2957; x_wconf 90' lang='lat' dir='ltr'><strong>utiliter</strong></span> <span class='ocrx_word' id='word_1_123' title='bbox 1574 2890 1816 2958; x_wconf 79' lang='lat' dir='ltr'><strong>commutatur·</strong></span> 
     </span>
     <span class='ocr_line' id='line_1_17' title="bbox 433 2972 1815 3083; baseline 0.003 -30"><span class='ocrx_word' id='word_1_124' title='bbox 433 2988 471 3053; x_wconf 86' lang='lat' dir='ltr'><strong>et</strong></span> <span class='ocrx_word' id='word_1_125' title='bbox 502 2975 714 3053; x_wconf 82' lang='lat' dir='ltr'><strong>Ecclesiam</strong></span> <span class='ocrx_word' id='word_1_126' title='bbox 748 2976 1013 3079; x_wconf 77' lang='lat' dir='ltr'><strong>parrochialem</strong></span> <span class='ocrx_word' id='word_1_127' title='bbox 1047 2978 1305 3081; x_wconf 79' lang='lat' dir='ltr'><strong>Swenningen</strong></span> <span class='ocrx_word' id='word_1_128' title='bbox 1336 2981 1406 3055; x_wconf 91' lang='lat' dir='ltr'><strong>iarn</strong></span> <span class='ocrx_word' id='word_1_129' title='bbox 1443 2992 1527 3057; x_wconf 88' lang='lat' dir='ltr'><strong>actu</strong></span> <span class='ocrx_word' id='word_1_130' title='bbox 1558 2972 1628 3083; x_wconf 82' lang='lat' dir='ltr'><strong>per</strong></span> <span class='ocrx_word' id='word_1_131' title='bbox 1663 2988 1815 3059; x_wconf 80' lang='lat' dir='ltr'><strong>momen</strong></span> 
     </span>
     <span class='ocr_line' id='line_1_18' title="bbox 432 3075 1815 3184; baseline 0.004 -33"><span class='ocrx_word' id='word_1_132' title='bbox 432 3078 623 3153; x_wconf 89' lang='lat' dir='ltr'><strong>nouissimi</strong></span> <span class='ocrx_word' id='word_1_133' title='bbox 650 3080 805 3154; x_wconf 88' lang='lat' dir='ltr'><strong>rectoris</strong></span> <span class='ocrx_word' id='word_1_134' title='bbox 831 3076 998 3153; x_wconf 87' lang='lat' dir='ltr'><strong>eiusdem</strong></span> <span class='ocrx_word' id='word_1_135' title='bbox 1025 3090 1217 3155; x_wconf 83' lang='lat' dir='ltr'><strong>vacantem</strong></span> <span class='ocrx_word' id='word_1_136' title='bbox 1250 3089 1374 3155; x_wconf 84' lang='lat' dir='ltr'><strong>nostre</strong></span> <span class='ocrx_word' id='word_1_137' title='bbox 1407 3078 1586 3182; x_wconf 86' lang='lat' dir='ltr'><strong>dyocesis</strong></span> <span class='ocrx_word' id='word_1_138' title='bbox 1618 3075 1668 3156; x_wconf 89' lang='lat' dir='ltr'><strong>ad</strong></span> <span class='ocrx_word' id='word_1_139' title='bbox 1692 3082 1815 3184; x_wconf 90' lang='lat' dir='ltr'><strong>ipsius</strong></span> 
     </span>
     <span class='ocr_line' id='line_1_19' title="bbox 432 3177 1815 3279; baseline 0.004 -28"><span class='ocrx_word' id='word_1_140' title='bbox 432 3177 674 3269; x_wconf 83' lang='lat' dir='ltr'><strong>collacionem</strong></span> <span class='ocrx_word' id='word_1_141' title='bbox 706 3186 932 3279; x_wconf 80' lang='lat' dir='ltr'><strong>spectantem</strong></span> <span class='ocrx_word' id='word_1_142' title='bbox 966 3200 1122 3277; x_wconf 75' lang='lat' dir='ltr'><strong>ynacnm</strong></span> <span class='ocrx_word' id='word_1_143' title='bbox 1162 3179 1367 3256; x_wconf 87' lang='lat' dir='ltr'><strong>aduooacia</strong></span> <span class='ocrx_word' id='word_1_144' title='bbox 1400 3192 1438 3255; x_wconf 86' lang='lat' dir='ltr'><strong>et</strong></span> <span class='ocrx_word' id='word_1_145' title='bbox 1470 3181 1711 3279; x_wconf 82' lang='lat' dir='ltr'><strong>vrriuersitate</strong></span> <span class='ocrx_word' id='word_1_146' title='bbox 1742 3204 1815 3257; x_wconf 84' lang='lat' dir='ltr'><strong>sua</strong></span> 
     </span>
     <span class='ocr_line' id='line_1_20' title="bbox 432 3275 1814 3379; baseline 0.004 -28"><span class='ocrx_word' id='word_1_147' title='bbox 432 3275 612 3352; x_wconf 81' lang='lat' dir='ltr'><strong>videlieet</strong></span> <span class='ocrx_word' id='word_1_148' title='bbox 632 3276 727 3352; x_wconf 90' lang='lat' dir='ltr'><strong>Jnre</strong></span> <span class='ocrx_word' id='word_1_149' title='bbox 752 3287 963 3377; x_wconf 87' lang='lat' dir='ltr'><strong>patronatus</strong></span> <span class='ocrx_word' id='word_1_150' title='bbox 987 3276 1138 3353; x_wconf 88' lang='lat' dir='ltr'><strong>decimis</strong></span> <span class='ocrx_word' id='word_1_151' title='bbox 1162 3276 1343 3356; x_wconf 87' lang='lat' dir='ltr'><strong>fructibus</strong></span> <span class='ocrx_word' id='word_1_152' title='bbox 1368 3276 1573 3355; x_wconf 87' lang='lat' dir='ltr'><strong>redditibus</strong></span> <span class='ocrx_word' id='word_1_153' title='bbox 1598 3280 1814 3379; x_wconf 81' lang='lat' dir='ltr'><strong>etsingulis</strong></span> 
     </span>
     <span class='ocr_line' id='line_1_21' title="bbox 431 3372 1811 3481; baseline 0.002 -28"><span class='ocrx_word' id='word_1_154' title='bbox 431 3377 671 3479; x_wconf 88' lang='lat' dir='ltr'><strong>pertinenciis</strong></span> <span class='ocrx_word' id='word_1_155' title='bbox 695 3380 778 3451; x_wconf 84' lang='lat' dir='ltr'><strong>suis</strong></span> <span class='ocrx_word' id='word_1_156' title='bbox 803 3377 900 3451; x_wconf 88' lang='lat' dir='ltr'><strong>iusto</strong></span> <span class='ocrx_word' id='word_1_157' title='bbox 924 3372 1155 3453; x_wconf 84' lang='lat' dir='ltr'><strong>vendicionis</strong></span> <span class='ocrx_word' id='word_1_158' title='bbox 1180 3378 1283 3481; x_wconf 89' lang='lat' dir='ltr'><strong>titulo</strong></span> <span class='ocrx_word' id='word_1_159' title='bbox 1308 3379 1402 3454; x_wconf 86' lang='lat' dir='ltr'><strong>alias</strong></span> <span class='ocrx_word' id='word_1_160' title='bbox 1429 3378 1558 3479; x_wconf 88' lang='lat' dir='ltr'><strong>emptis</strong></span> <span class='ocrx_word' id='word_1_161' title='bbox 1592 3388 1629 3455; x_wconf 90' lang='lat' dir='ltr'><strong>et</strong></span> <span class='ocrx_word' id='word_1_162' title='bbox 1661 3402 1811 3481; x_wconf 85' lang='lat' dir='ltr'><strong>eompa-</strong></span> 
     </span>
     <span class='ocr_line' id='line_1_22' title="bbox 430 3472 1810 3578; baseline 0.001 -25"><span class='ocrx_word' id='word_1_163' title='bbox 430 3476 521 3553; x_wconf 87' lang='lat' dir='ltr'><strong>ratis</strong></span> <span class='ocrx_word' id='word_1_164' title='bbox 557 3476 603 3550; x_wconf 90' lang='lat' dir='ltr'><strong>ob</strong></span> <span class='ocrx_word' id='word_1_165' title='bbox 640 3472 794 3552; x_wconf 83' lang='lat' dir='ltr'><strong>salntem</strong></span> <span class='ocrx_word' id='word_1_166' title='bbox 827 3478 943 3551; x_wconf 91' lang='lat' dir='ltr'><strong>anime</strong></span> <span class='ocrx_word' id='word_1_167' title='bbox 973 3499 1045 3552; x_wconf 86' lang='lat' dir='ltr'><strong>sne</strong></span> <span class='ocrx_word' id='word_1_168' title='bbox 1087 3494 1123 3553; x_wconf 88' lang='lat' dir='ltr'><strong>et</strong></span> <span class='ocrx_word' id='word_1_169' title='bbox 1161 3481 1313 3569; x_wconf 89' lang='lat' dir='ltr'><strong>omnium</strong></span> <span class='ocrx_word' id='word_1_170' title='bbox 1347 3480 1617 3578; x_wconf 84' lang='lat' dir='ltr'><strong>progenitorum</strong></span> <span class='ocrx_word' id='word_1_171' title='bbox 1647 3502 1810 3573; x_wconf 88' lang='lat' dir='ltr'><strong>suornm,</strong></span> 
     </span>
     <span class='ocr_line' id='line_1_23' title="bbox 428 3574 1867 3675; baseline 0.007 -28"><span class='ocrx_word' id='word_1_172' title='bbox 428 3584 581 3675; x_wconf 88' lang='lat' dir='ltr'><strong>propter</strong></span> <span class='ocrx_word' id='word_1_173' title='bbox 610 3575 852 3675; x_wconf 88' lang='lat' dir='ltr'><strong>paucietatem</strong></span> <span class='ocrx_word' id='word_1_174' title='bbox 882 3585 919 3651; x_wconf 89' lang='lat' dir='ltr'><strong>et</strong></span> <span class='ocrx_word' id='word_1_175' title='bbox 951 3576 1158 3655; x_wconf 88' lang='lat' dir='ltr'><strong>tenuitatem</strong></span> <span class='ocrx_word' id='word_1_176' title='bbox 1190 3578 1368 3655; x_wconf 83' lang='lat' dir='ltr'><strong>fructuum</strong></span> <span class='ocrx_word' id='word_1_177' title='bbox 1401 3578 1438 3654; x_wconf 86' lang='lat' dir='ltr'><strong>et</strong></span> <span class='ocrx_word' id='word_1_178' title='bbox 1464 3574 1669 3655; x_wconf 86' lang='lat' dir='ltr'><strong>reddituum</strong></span> <span class='ocrx_word' id='word_1_179' title='bbox 1694 3582 1809 3657; x_wconf 87' lang='lat' dir='ltr'><strong>misse</strong></span> <span class='ocrx_word' id='word_1_180' title='bbox 1862 3588 1867 3595; x_wconf 79' lang='grc'><strong>“</strong></span> 
     </span>
     <span class='ocr_line' id='line_1_24' title="bbox 429 3670 1810 3846; baseline 0.004 -97"><span class='ocrx_word' id='word_1_181' title='bbox 429 3684 609 3776; x_wconf 89' lang='lat' dir='ltr'><strong>perpetue</strong></span> <span class='ocrx_word' id='word_1_182' title='bbox 635 3697 705 3846; x_wconf 52' lang='lat' dir='ltr'><strong>pne</strong></span> <span class='ocrx_word' id='word_1_183' title='bbox 729 3676 825 3751; x_wconf 80' lang='lat' dir='ltr'><strong>alias</strong></span> <span class='ocrx_word' id='word_1_184' title='bbox 859 3676 898 3748; x_wconf 90' lang='lat' dir='ltr'><strong>in</strong></span> <span class='ocrx_word' id='word_1_185' title='bbox 923 3670 1107 3777; x_wconf 73' lang='lat' dir='ltr'><strong>cappella</strong></span> <span class='ocrx_word' id='word_1_186' title='bbox 1139 3680 1255 3755; x_wconf 87' lang='lat' dir='ltr'><strong>sancti</strong></span> <span class='ocrx_word' id='word_1_187' title='bbox 1289 3676 1445 3754; x_wconf 76' lang='lat' dir='ltr'><strong>udalrici</strong></span> <span class='ocrx_word' id='word_1_188' title='bbox 1476 3680 1513 3753; x_wconf 94' lang='lat' dir='ltr'><strong>in</strong></span> <span class='ocrx_word' id='word_1_189' title='bbox 1547 3689 1666 3754; x_wconf 88' lang='lat' dir='ltr'><strong>monte</strong></span> <span class='ocrx_word' id='word_1_190' title='bbox 1699 3690 1810 3757; x_wconf 85' lang='lat' dir='ltr'><strong>extra</strong></span> 
     </span>
     <span class='ocr_line' id='line_1_25' title="bbox 429 3767 1811 3879; baseline 0.006 -30"><span class='ocrx_word' id='word_1_191' title='bbox 429 3796 552 3863; x_wconf 84' lang='lat' dir='ltr'><strong>muros</strong></span> <span class='ocrx_word' id='word_1_192' title='bbox 577 3773 636 3872; x_wconf 92' lang='lat' dir='ltr'><strong>opi</strong></span> <span class='ocrx_word' id='word_1_193' title='bbox 666 3772 817 3850; x_wconf 85' lang='lat' dir='ltr'><strong>inostri</strong></span> <span class='ocrx_word' id='word_1_194' title='bbox 843 3767 1007 3874; x_wconf 85' lang='lat' dir='ltr'><strong>dilingen</strong></span> <span class='ocrx_word' id='word_1_195' title='bbox 1042 3798 1112 3876; x_wconf 93' lang='lat' dir='ltr'><strong>per</strong></span> <span class='ocrx_word' id='word_1_196' title='bbox 1148 3800 1228 3853; x_wconf 91' lang='lat' dir='ltr'><strong>enm</strong></span> <span class='ocrx_word' id='word_1_197' title='bbox 1261 3799 1340 3851; x_wconf 93' lang='lat' dir='ltr'><strong>non·</strong></span> <span class='ocrx_word' id='word_1_198' title='bbox 1365 3788 1481 3853; x_wconf 65' lang='lat' dir='ltr'><strong>amen</strong></span> <span class='ocrx_word' id='word_1_199' title='bbox 1514 3774 1562 3853; x_wconf 88' lang='lat' dir='ltr'><strong>ad</strong></span> <span class='ocrx_word' id='word_1_200' title='bbox 1599 3778 1744 3879; x_wconf 89' lang='lat' dir='ltr'><strong>plenam</strong></span> <span class='ocrx_word' id='word_1_201' title='bbox 1769 3784 1811 3856; x_wconf 85' lang='lat' dir='ltr'><strong>et</strong></span> 
     </span>
     <span class='ocr_line' id='line_1_26' title="bbox 429 3871 1897 3979; baseline 0.005 -31"><span class='ocrx_word' id='word_1_202' title='bbox 429 3871 673 3949; x_wconf 85' lang='lat' dir='ltr'><strong>sufficientem</strong></span> <span class='ocrx_word' id='word_1_203' title='bbox 699 3872 917 3953; x_wconf 89' lang='lat' dir='ltr'><strong>dotationem</strong></span> <span class='ocrx_word' id='word_1_204' title='bbox 943 3885 1070 3975; x_wconf 86' lang='lat' dir='ltr'><strong>erecta</strong></span> <span class='ocrx_word' id='word_1_205' title='bbox 1103 3887 1161 3952; x_wconf 90' lang='lat' dir='ltr'><strong>est</strong></span> <span class='ocrx_word' id='word_1_206' title='bbox 1192 3889 1230 3953; x_wconf 88' lang='lat' dir='ltr'><strong>ct</strong></span> <span class='ocrx_word' id='word_1_207' title='bbox 1253 3874 1405 3951; x_wconf 85' lang='lat' dir='ltr'><strong>fundata</strong></span> <span class='ocrx_word' id='word_1_208' title='bbox 1435 3888 1471 3953; x_wconf 92' lang='lat' dir='ltr'><strong>et</strong></span> <span class='ocrx_word' id='word_1_209' title='bbox 1503 3900 1570 3978; x_wconf 89' lang='lat' dir='ltr'><strong>pro</strong></span> <span class='ocrx_word' id='word_1_210' title='bbox 1595 3888 1808 3979; x_wconf 80' lang='lat' dir='ltr'><strong>augmenta·</strong></span> <span class='ocrx_word' id='word_1_211' title='bbox 1895 3901 1897 3905; x_wconf 83' lang='lat'>·</span> 
     </span>
     <span class='ocr_line' id='line_1_27' title="bbox 430 3968 1808 4076; baseline 0.005 -27"><span class='ocrx_word' id='word_1_212' title='bbox 430 3976 535 4049; x_wconf 86' lang='lat' dir='ltr'><strong>cione</strong></span> <span class='ocrx_word' id='word_1_213' title='bbox 574 3968 781 4076; x_wconf 79' lang='lat' dir='ltr'><strong>huiusmodi</strong></span> <span class='ocrx_word' id='word_1_214' title='bbox 818 3970 988 4075; x_wconf 89' lang='lat' dir='ltr'><strong>predicte</strong></span> <span class='ocrx_word' id='word_1_215' title='bbox 1029 3970 1189 4075; x_wconf 84' lang='lat' dir='ltr'><strong>Capella</strong></span> <span class='ocrx_word' id='word_1_216' title='bbox 1227 3976 1344 4051; x_wconf 87' lang='lat' dir='ltr'><strong>saneti</strong></span> <span class='ocrx_word' id='word_1_217' title='bbox 1377 3974 1548 4053; x_wconf 89' lang='lat' dir='ltr'><strong>Vdalrici</strong></span> <span class='ocrx_word' id='word_1_218' title='bbox 1586 3997 1655 4053; x_wconf 87' lang='lat' dir='ltr'><strong>scu</strong></span> <span class='ocrx_word' id='word_1_219' title='bbox 1689 3980 1808 4056; x_wconf 84' lang='lat' dir='ltr'><strong>misse</strong></span> 
     </span>
     <span class='ocr_line' id='line_1_28' title="bbox 428 4068 1806 4177; baseline 0.006 -30"><span class='ocrx_word' id='word_1_220' title='bbox 428 4081 609 4173; x_wconf 87' lang='lat' dir='ltr'><strong>perpetue</strong></span> <span class='ocrx_word' id='word_1_221' title='bbox 644 4095 712 4162; x_wconf 89' lang='lat' dir='ltr'><strong>pro</strong></span> <span class='ocrx_word' id='word_1_222' title='bbox 748 4096 912 4173; x_wconf 80' lang='lat' dir='ltr'><strong>congrua</strong></span> <span class='ocrx_word' id='word_1_223' title='bbox 950 4078 1222 4151; x_wconf 87' lang='lat' dir='ltr'><strong>sustentaoione</strong></span> <span class='ocrx_word' id='word_1_224' title='bbox 1256 4068 1465 4151; x_wconf 87' lang='lat' dir='ltr'><strong>sacerdotis</strong></span> <span class='ocrx_word' id='word_1_225' title='bbox 1502 4079 1620 4177; x_wconf 88' lang='lat' dir='ltr'><strong>ipsam</strong></span> <span class='ocrx_word' id='word_1_226' title='bbox 1658 4078 1806 4155; x_wconf 84' lang='lat' dir='ltr'><strong>missam</strong></span> 
     </span>
     <span class='ocr_line' id='line_1_29' title="bbox 430 4168 1807 4277; baseline 0.005 -28"><span class='ocrx_word' id='word_1_227' title='bbox 430 4168 579 4270; x_wconf 85' lang='lat' dir='ltr'><strong>cottidie</strong></span> <span class='ocrx_word' id='word_1_228' title='bbox 605 4174 829 4251; x_wconf 87' lang='lat' dir='ltr'><strong>celebrantis</strong></span> <span class='ocrx_word' id='word_1_229' title='bbox 854 4173 1026 4250; x_wconf 90' lang='lat' dir='ltr'><strong>beniuolo</strong></span> <span class='ocrx_word' id='word_1_230' title='bbox 1048 4196 1234 4251; x_wconf 86' lang='lat' dir='ltr'><strong>consensu</strong></span> <span class='ocrx_word' id='word_1_231' title='bbox 1254 4172 1402 4277; x_wconf 81' lang='lat' dir='ltr'><strong>fratrum</strong></span> <span class='ocrx_word' id='word_1_232' title='bbox 1417 4194 1568 4265; x_wconf 82' lang='lat' dir='ltr'><strong>snorum·</strong></span> <span class='ocrx_word' id='word_1_233' title='bbox 1587 4172 1638 4252; x_wconf 87' lang='lat' dir='ltr'><strong>ad</strong></span> <span class='ocrx_word' id='word_1_234' title='bbox 1658 4177 1807 4256; x_wconf 88' lang='lat' dir='ltr'><strong>laudern</strong></span> 
     </span>
    </p>
   </div>
   <div class='ocr_carea' id='block_1_6' title="bbox 0 0 2110 5034">
    <p class='ocr_par' dir='ltr' id='par_1_6' title="bbox 0 0 2110 5034">
     <span class='ocr_line' id='line_1_30' title="bbox 0 0 2110 5034; baseline 0 4"><span class='ocrx_word' id='word_1_235' title='bbox 0 0 2110 5034; x_wconf 95' lang='lat' dir='ltr'><strong> </strong></span> 
     </span>
    </p>
   </div>
  </div>
 </body>
</html>
