4209 5034
701 525 985 636 eputamus
1006 528 1265 646 sumnum
1356 496 1358 499 ’
1430 602 1432 605 .
1577 527 1673 629 aar

300 753 473 840 Ciuitatis
495 757 589 839 omui
614 769 790 860 respectu
821 762 972 858 generis
1004 720 1175 860 potencie
1199 772 1238 838 et
1260 758 1411 846 bonoris
1434 758 1535 837 band
1560 763 1674 842 maio

299 881 363 938 res
387 876 509 958 neque
535 857 726 950 meliores,
752 859 884 958 quibus
910 861 1074 960 ipsi-tilii
1099 863 1211 938 nostri
1239 872 1413 959 tamquam
1438 859 1579 938 oriundi
1604 884 1675 940 ve-

296 961 428 1050 nirent,
446 963 557 1076 juxta
581 955 1076 1057 appostolice.Cancellarie
1099 961 1252 1060 regulas
1275 985 1348 1034 non
1373 963 1560 1053 oriundis,
1593 963 1675 1038 iore

202 1103 204 1106 ·
297 1083 345 1138 ac
370 1069 499 1136 mento
520 1053 732 1158 proterendi
756 1063 907 1134 Attento
941 1057 1106 1160 denique,
1132 1060 1230 1160 quod
1263 1059 1327 1134 tilii
1353 1054 1523 1136 Ciuitatis
1547 1072 1675 1138 nostre
1797 1057 1801 1063 ’
1909 1118 1918 1125 .

297 1153 836 1358 tllltllll‘lltlllll
859 1153 1327 1357 ,llltltlltlllll
1340 1154 1674 1335 titillat!
1761 1242 1764 1248 ·

295 1309 524 1456 mprobis
550 1367 588 1432 ct
611 1355 776 1434 honestis
802 1357 962 1432 moribus
988 1357 1087 1436 haud
1115 1285 1352 1457 ¹degeneres,
1388 1358 1436 1434 de
1467 1352 1674 1434 huiusmodi

297 1457 413 1534 coium
438 1465 643 1531 nostrorum
669 1455 889 1534 condicione
918 1477 964 1532 ac
996 1468 1091 1533 statu
1124 1463 1297 1557 graciosa
1326 1461 1524 1556 paternitas
1547 1470 1676 1534 restra

294 1555 408 1634 facila
432 1552 543 1630 babet
568 1559 761 1645 conicere,
786 1558 846 1630 cni
869 1551 944 1630 duo
970 1577 1020 1632 ex
1046 1556 1332 1656 filiisuuondam
1358 1553 1502 1634 Cinium
1527 1568 1674 1632 nostro·

293 1679 373 1732 rum
397 1654 555 1730 subiecti
581 1666 684 1746 suut,
715 1658 792 1730 rita
824 1665 859 1730 et
893 1656 1052 1732 moribus
1077 1657 1218 1756 probati
1254 1667 1294 1730 et
1324 1679 1392 1756 pro
1423 1669 1521 1732 tanto
1553 1655 1674 1751 eidem

293 1755 468 1850 graciose
493 1755 698 1852 paternitati
724 1765 868 1852 vestre,
902 1751 999 1829 haud
1032 1756 1265 1852 ambigimus,
1299 1777 1370 1828 uon
1402 1755 1554 1854 ingrati,
1587 1755 1673 1831 iltis

294 1853 458 1930 omnibus
483 1851 612 1928 ordine
635 1855 820 1954 pensatis,
855 1853 1049 1930 intellecto
1085 1850 1243 1952 deniqne
1269 1849 1445 1929 Citatorio
1475 1853 1673 1952 graciosae

155 2015 159 2022 .
292 1953 519 2054 paternitatis
557 1967 685 2028 vestre
723 1951 846 2026 edicto
883 1951 1077 2028 Dominica
1116 1967 1199 2028 ante
1237 1951 1465 2048 Magdaleue
1505 1953 1673 2054 proxime

290 2051 466 2152 preterita
496 2051 566 2126 snb
628 2049 859 2126 radicacione
891 2054 995 2127 verbi
1032 2048 1094 2128 dei
1127 2053 1275 2152 publica
1308 2053 1507 2143 insinuato,
1547 2050 1670 2128 valuis

288 2153 440 2251 insuper
465 2148 563 2226 dicte
589 2077 826 2232 Bathedralis
848 2149 1027 2228 Ecclesia
1051 2150 1188 2236 altino,
1228 2152 1264 2224 iu
1297 2173 1369 2248 qno
1401 2146 1502 2226 dicte
1526 2163 1666 2252 partes,

290 2270 488 2349 omnesque
503 2247 568 2322 alii
586 2275 655 2326 sna
668 2245 912 2325 Comrumuiter
938 2251 999 2323 vel
1022 2245 1167 2323 diuisim
1182 2252 1385 2326 interresse
1407 2261 1577 2349 putantes
1600 2273 1671 2324 vo-

290 2351 363 2428 cati
390 2348 560 2424 videntur
585 2347 650 2424 Ne
674 2347 866 2422 silancium
888 2358 1046 2422 nostrum
1072 2371 1142 2424 sen
1158 2350 1394 2439 taciturnitas,
1418 2348 1544 2422 Nobis
1565 2345 1670 2422 tiliis-

246 2503 249 2508 *
289 2469 362 2550 que
395 2442 561 2526 Cinium.
577 2459 685 2546 atque
718 2441 948 2522 Ciuissarnm
982 2445 1154 2522 Ciuitatis
1190 2458 1337 2534 nostre,
1378 2445 1467 2522 dicti
1533 2445 1671 2520 retensi

288 2549 413 2644 statuti
445 2547 661 2636 occasione,
702 2543 972 2645 quomodolibet
1005 2543 1237 2645 preiudicare
1269 2543 1392 2618 valeat
1427 2545 1465 2617 iu
1500 2470 1671 2636 futurum,

289 2645 410 2726 eidem
434 2648 605 2744 graciose
631 2647 836 2746 paternitati
862 2658 988 2719 vestre
1013 2666 1082 2744 per
1108 2642 1175 2717 bas
1196 2654 1340 2718 nostras
1357 2643 1671 2742 patentesliteras

289 2744 536 2841 significamus
562 2757 598 2820 et
624 2768 743 2818 curram
768 2766 815 2820 ea
839 2767 883 2819 ac
911 2741 1018 2826 dictis
1042 2743 1205 2844 partibus
1226 2741 1464 2840 omnibusque
1489 2741 1574 2818 aliis
1598 2739 1671 2816 bec

289 2844 523 2922 audientibus
548 2867 618 2920 seu
643 2843 843 2932 audituris,
878 2845 1142 2942 cuiuscumque
1172 2851 1289 2915 status
1314 2843 1586 2940 preeminencie
1610 2839 1671 2914 di·

285 2945 435 3041 gnitatis
471 2965 541 3018 seu
579 2941 730 3017 honoris
769 2945 953 3033 existant,
993 2942 1226 3018 communiter
1264 2949 1302 3014 et
1340 2940 1483 3016 diuisiur
1521 2941 1670 3041 publice

290 3052 532 3146 protestamur
556 3038 604 3118 de
631 3041 724 3118 Iura
749 3053 786 3116 et
810 3043 967 3118 Justicia
992 3043 1130 3118 nostris
1156 3041 1353 3116 occasione
1389 3035 1477 3116 dicti
1503 3039 1667 3139 pratensi

289 3145 411 3220 statuti
437 3156 564 3218 contra
588 3140 707 3218 dictos
729 3141 919 3216 Decannm
952 3153 988 3217 et
1015 3138 1235 3240 Capitulum.
1250 3141 1331 3212 suis
1356 3139 1441 3214 loco
1466 3151 1504 3214 et
1528 3152 1670 3236 tempo-

97 3277 99 3307 ν
212 3243 215 3246 ’
288 3243 390 3320 ribus
424 3240 642 3318 iudicialiter
674 3235 915 3341 experiundis
949 3255 986 3315 et
1018 3231 1128 3338 quud
1152 3239 1187 3312 in
1222 3235 1429 3312 huiusmodi
1455 3233 1669 3312 Concordia

288 3352 495 3432 tractatum,
527 3363 646 3440 neque
678 3343 713 3415 iu
739 3335 878 3438 aliquid
904 3339 1057 3414 uredinur
1084 3341 1120 3411 in
1148 3349 1315 3435 quantum
1341 3331 1461 3412 eidam
1493 3345 1670 3434 pretenso

288 3449 447 3532 statuto,
473 3462 522 3516 ex
550 3443 607 3516 eis
633 3441 744 3516 robur
767 3461 838 3514 sen
861 3438 1008 3516 firmitas
1035 3435 1303 3536 quomodolibet
1328 3434 1514 3512 accedere
1538 3443 1669 3533 posset

285 3541 429 3618 minime
461 3541 727 3631 consentimus,
768 3539 904 3613 Verum
940 3537 1013 3614 Jus
1048 3546 1086 3612 et
1119 3534 1313 3612 Justiciam
1347 3548 1503 3609 nostram
1543 3542 1669 3623 eontra

287 3635 421 3716 dietum
454 3649 664 3738 pretensum
699 3647 867 3712 statutum
901 3637 1100 3725 illibatum,
1140 3635 1309 3730 umorique
1350 3645 1525 3732 respectu
1563 3629 1669 3706 nobis

287 3741 500 3818 conseruari
528 3739 694 3814 volumus
719 3739 883 3828 illesum,
918 3729 1125 3810 huiusmodi
1158 3728 1359 3808 correordie
1386 3743 1537 3807 tractatu
1563 3730 1668 3806 aliis-

264 3831 269 3838 *
310 3860 359 3914 ue
385 3839 549 3912 omnibns
576 3849 613 3912 et
638 3838 796 3936 siugulis
831 3858 952 3912 coram
986 3837 1160 3930 graciosa
1191 3833 1406 3933 paternitate
1438 3844 1565 3906 vestra
1598 3827 1668 3905 de·

285 3863 422 4026 ductis,
448 3939 542 4012 actis
567 3933 700 4012 habitis
724 3959 794 4010 seu
820 3936 1008 4010 conclusis
1035 3931 1268 4010 deducendis
1293 3931 1461 4031 gaudis.
1477 3923 1668 4018 habendis,

287 4059 359 4116 seu
384 4031 654 4114 concludendis
686 4060 756 4112 uon
782 4036 1010 4111 obstantibus
1037 4034 1335 4132 quibuscumque,
1360 4031 1496 4106 Maiori
1522 4027 1668 4104 humili·

286 4145 360 4216 tate
398 4149 436 4214 et
473 4130 693 4212 obediencia
732 4136 948 4236 suppliciter
992 4146 1217 4227 exorantes,
1265 4130 1465 4230 Quatenus,
1494 4129 1669 4227 graciosa

289 4303 295 4308 -
317 4279 379 4321 llus.
395 4277 460 4321 aare
474 4276 531 4322 vor.
546 4273 644 4320 mlv.
662 4288 704 4320 m
721 4274 866 4319 collectionis
880 4287 953 4320 aaran
967 4273 1019 4320 Vll.
1034 4273 1092 4316 l’m
1106 4271 1137 4315 11.
1151 4266 1153 4271 '
1292 4247 1356 4323 24
1379 4341 1388 4350 ,
