4209 5034
545 611 551 618 ·
706 567 978 676 episcopatus
1009 567 1267 681 Augustani.
1608 571 1707 661 83·

297 797 481 900 quardum
504 808 668 900 tempore
693 823 764 899 quo
787 801 883 876 vixit
907 797 1020 874 extitit
1042 797 1307 900 supplicatum,
1333 809 1372 874 ut
1396 795 1549 878 eandem
1575 799 1682 884 dota-

295 903 449 977 cionem
472 895 745 975 ordinacionem
782 911 819 975 ct
843 897 1100 974 fundacionem
1131 921 1201 998 por
1230 920 1310 974 eum
1345 901 1403 976 sio
1434 900 1569 977 factam
1592 917 1682 982 tam

295 1022 409 1100 quam
441 999 570 1078 bonam
606 1009 644 1074 et
675 993 895 1074 laudabilem
927 997 1141 1074 confirmare
1173 1009 1212 1074 et
1245 1001 1464 1076 auctoritaie
1496 999 1681 1082 ordinaria

291 1123 370 1198 qua
394 1097 580 1195 fungimur
604 1099 807 1200 approbare
832 1096 995 1174 decimas
1020 1107 1059 1172 et
1081 1092 1250 1172 redditus
1273 1097 1446 1173 bonoram
1471 1110 1510 1173 ct
1525 1123 1683 1199 posses·

289 1203 441 1276 stonum
465 1197 515 1274 ad
537 1199 654 1298 ipsam
678 1200 824 1274 missam
847 1205 1061 1298 perpetuam
1083 1219 1152 1297 pro
1175 1197 1450 1273 sustentaclone
1470 1196 1679 1285 sacerdotis

289 1297 433 1374 futuris
458 1299 680 1399 temporibus
705 1319 785 1372 cam
810 1297 1033 1374 celebrantis
1057 1319 1138 1371 oum
1163 1295 1367 1396 spiritualia
1390 1298 1473 1371 siae
1498 1307 1679 1400 tempora·

288 1393 399 1472 libus
434 1395 579 1474 diucius
613 1421 684 1474 non
716 1397 921 1472 subsistunt
956 1394 1120 1470 ordinata
1152 1416 1223 1469 seu
1259 1393 1432 1494 deputata
1469 1417 1614 1473 necnon
1645 1402 1683 1474 in

142 1511 148 1517 “
289 1506 486 1596 posterum
511 1491 633 1570 danda
658 1503 695 1570 et
720 1493 928 1596 deputanda
951 1493 1076 1570 debita
1098 1493 1264 1568 firmitate
1287 1495 1524 1594 incorporare
1541 1519 1681 1574 annec-
1793 1543 1799 1551 ·

253 1631 258 1638 ·
293 1606 383 1669 tere
409 1605 446 1670 et
478 1595 584 1670 unire
618 1595 826 1694 graciosius
859 1593 1104 1694 dignaremur.
1136 1593 1280 1684 Quibus
1305 1595 1479 1692 precibus
1504 1605 1682 1694 tamquam
1774 1682 1778 1693 ¹

294 1694 411 1810 iustis
436 1691 688 1770 fauorabiliter
722 1705 926 1812 annuentes
945 1714 1005 1810 'ac
1029 1693 1135 1810 pium
1169 1701 1207 1766 et
1237 1691 1425 1809 laudabile
1458 1697 1682 1867 propositu-

295 1790 585 1870 considerantes
609 1803 848 1894 prescriptam
874 1789 1147 1867 ordinacionem
1172 1790 1429 1866 fundacionem
1454 1805 1492 1866 et
1542 1805 1681 1868 otacro-

293 1914 382 1992 nem
420 1891 639 1968 ratificamus
675 1892 916 1992 approbamus
954 1903 991 1966 et
1025 1912 1076 1965 cx
1108 1901 1210 1964 certa
1248 1891 1415 1966 sciencia
1446 1890 1496 1966 ad
1535 1891 1682 1969 laudem
1812 1975 1816 1983 ,

295 1991 555 2107 omnipotentis
587 1989 649 2066 dei
682 2003 719 2066 et
743 1993 862 2091 ipsius
887 1989 1039 2064 nominis
1074 1987 1208 2065 cultum
1240 1999 1278 2064 et
1312 1983 1426 2065 diuini
1460 1989 1572 2067 officii
1604 2017 1680 2068 am·

295 2089 518 2192 pliacroncm
550 2089 791 2166 effectualiter
822 2089 1072 2165 confirmamus
1105 2100 1176 2162 eto.
1224 2087 1359 2163 Datum
1393 2102 1430 2165 et
1462 2099 1581 2166 actum
1612 2115 1680 2166 au·

299 2197 409 2287 gusto
434 2189 500 2263 xvi
522 2189 589 2262 kln
616 2191 775 2264 octobris
801 2211 893 2262 anno
920 2187 1051 2262 domini
1078 2185 1278 2262 Millesimo
1303 2187 1679 2287 ccc¹⁰lxxquuarto

303 2298 429 2368 nostro
454 2287 524 2366 sub
549 2288 674 2388 sigillo
699 2287 896 2388 pontificali
922 2286 1156 2388 presentibus
1180 2307 1360 2388 appenso.

752 2683 757 2694 .
858 2755 1115 2841 XXXXIX.

748 3003 836 3061 Anno
857 3003 951 3062 1394.
975 3001 1007 3060 c.
1030 2997 1221 3060 Novembris.

404 3223 575 3310 Dotatio
606 3227 649 3308 et
677 3217 927 3308 confirmatio
958 3217 1238 3305 monasterioli
1269 3214 1335 3304 St.
1366 3215 1559 3302 llrsulae.

398 3454 638 3541 Barchardus
664 3453 726 3530 dei
752 3464 790 3531 et
813 3451 1017 3554 apostolice
1043 3449 1150 3526 sedis
1174 3447 1302 3547 gracia
1316 3446 1529 3545 Episcopus
1554 3441 1681 3558 ecole-

294 3561 352 3633 sie
379 3555 653 3656 liugusteusis,
685 3553 735 3630 ad
767 3565 980 3654 perpetuam
1016 3549 1304 3647 subscriptorum
1328 3549 1550 3633 memoriam,
1588 3541 1680 3615 Vm·

292 3657 423 3731 uersis
460 3665 498 3730 ct
529 3655 687 3752 singolis
726 3651 774 3732 ad
814 3675 907 3752 quos
938 3660 1134 3752 presentes
1195 3645 1406 3721 eruencrint
1442 3639 1606 3719 Salutem
1644 3639 1679 3713 iu

293 3751 436 3832 Gloriae
459 3754 535 3830 illio
560 3754 716 3851 virginis
740 3751 926 3851 gloriose,
950 3750 1072 3824 Deum
1097 3671 1280 3822 credimus
1314 3741 1452 3818 habere
1477 3738 1680 3841 propicium

291 3855 327 3929 si
352 3860 505 3931 muetos
529 3851 612 3938 cius
644 3854 705 3950 qui
730 3849 930 3928 celestibus
953 3847 1115 3923 habitant
1148 3843 1283 3920 deuote
1315 3839 1495 3917 honorare
1520 3819 1691 3938 procur·¹
1852 3902 1856 3908 ,

293 3975 377 4030 mus
401 3955 438 4028 iu
463 3954 574 4028 terris
603 3961 640 4025 et
663 3947 797 4026 fideles
821 3949 1009 4024 incitamus
1034 3943 1084 4020 ad
1108 3941 1310 4020 subsidium
1333 3939 1480 4041 pietatis
1531 3936 1680 4041 aupert-

300 4051 393 4134 bus,
420 4047 569 4127 Christo
595 4049 774 4148 religiose
800 4047 1045 4123 seruientibus
1071 4039 1317 4130 conserenda,
1342 4037 1445 4116 Sace
1470 3962 1685 4110 adanorum

301 4161 508 4226 nostrorum
532 4159 571 4224 et
595 4145 808 4225 dilectarum
832 4144 1014 4222 Jobannis
1039 4137 1325 4238 Langenmantel
1357 4161 1424 4237 pro
1449 4157 1496 4209 eo
1519 4144 1683 4246 tempore

304 4245 476 4347 Magistri
494 4247 626 4352 civium
651 4249 688 4324 in
703 4247 889 4346 Augusta,
913 4245 1024 4322 Anne
1041 4245 1169 4322 uxoris
1193 4260 1263 4316 sue
1281 4238 1455 4404 Ιοξίῑίωο,
1481 4225 1681 4308 Catienae
