4209 5034
380 699 510 776 siliarii
538 701 651 776 nostri
679 692 826 772 deuotis
852 694 1192 798 supplicacionibus
1227 692 1412 785 inclinati,
1449 693 1566 791 ipsum
1600 685 1768 772 Succes-

277 811 284 823 ‘
381 824 490 876 sores
518 825 606 875 suos
633 799 846 898 Episcopus
882 809 919 872 et
943 795 1155 874 Ecclesiam
1181 794 1470 890 Augustensem,
1497 815 1576 866 eum
1601 796 1766 872 omnibus

380 923 505 976 eorum
527 898 729 976 hominibus
750 893 961 985 Nobilibus,
987 895 1154 987 vasallis,
1180 893 1396 993 vasalagiis,
1420 891 1672 990 familiaribus,
1695 897 1769 972 Ju-

381 999 502 1090 dlciis,
527 996 876 1094 Jurisdiecionibus,
901 997 1014 1072 meris
1040 1008 1075 1072 et
1099 996 1230 1086 mixtis,
1257 994 1429 1070 ciuilibus
1448 1004 1485 1067 et
1510 993 1767 1088 criminalibus,

380 1098 591 1189 honoribus,
618 1095 866 1197 dignitatibus,
890 1095 1118 1194 priuilegiis,
1144 1093 1390 1184 libertatibus,
1416 1093 1590 1185 duribus,
1617 1098 1768 1194 spiritu-

313 1262 316 1266 .
380 1199 500 1277 alibus
525 1211 560 1276 et
587 1197 860 1302 temporalibus,
888 1193 1034 1298 Opidis,
1063 1191 1219 1287 Castris,
1246 1193 1357 1268 villis.
1385 1194 1506 1279 tertis,
1528 1193 1767 1290 districtibus,

380 1294 569 1389 dominiis,
596 1299 721 1388 bonis,
749 1297 943 1387 censibus,
969 1293 1203 1386 utilitatibus,
1231 1293 1448 1382 redditibus,
1475 1295 1765 1388 obuentiouibus,

378 1401 642 1490 emolumentis,
669 1396 979 1498 possessionibus,
1004 1391 1160 1496 prediiS,
1189 1396 1387 1470 rusticanis
1413 1407 1449 1469 et
1475 1395 1636 1487 urbanis,
1662 1393 1765 1471 fore-

378 1501 447 1595 stis
485 1500 621 1604 pariter
658 1511 695 1573 et
729 1495 961 1595 wiltpannis,
997 1498 1188 1571 ac·rebus
1222 1493 1413 1569 mobilibus
1451 1493 1488 1567 et
1524 1493 1766 1571 immobilibus
1905 1525 1914 1534 ·

379 1599 659 1698 quibuscunque
677 1597 880 1672 nominibus
896 1595 1136 1696 appellantur,
1162 1618 1245 1694 que,
1273 1619 1375 1695 quas,
1399 1616 1468 1668 serr
1488 1594 1596 1692 quod,
1626 1593 1767 1670 hucus-

288 1777 306 1794 ,κ
379 1721 450 1796 que
478 1701 585 1788 iuste,
614 1699 681 1772 rite
709 1709 744 1770 et
781 1695 1048 1772 racionabiliter
1082 1692 1321 1796 possiderunt
1356 1706 1393 1768 et
1424 1695 1460 1768 in
1494 1697 1770 1794 presenciarum

377 1796 572 1898 possident
596 1809 633 1870 et
658 1799 692 1870 in
720 1808 1086 1894 posterumauotore
1112 1791 1254 1870 domino
1294 1789 1490 1870 bonafide
1516 1797 1622 1870 iustis
1649 1795 1768 1873 modis

378 1908 415 1971 et
440 1892 621 1982 Juridieis
646 1897 772 1985 titulis,
799 1897 940 1993 absque
965 1895 1079 1970 alieni
1104 1897 1196 1969 iuris
1214 1890 1410 1996 dispendio
1426 1897 1582 1996 poterint
1606 1895 1769 1997 adipisci

378 1998 412 2069 in
442 2013 597 2069 nostram
626 2011 662 2069 et
683 1993 791 2070 Sacri
819 1995 964 2094 Imperii
987 1997 1260 2096 protecoionem
1283 2007 1319 2069 et
1335 1996 1527 2068 tuitionem
1546 2000 1767 2098 recepimus,

377 2097 447 2170 sub
474 2095 544 2170 alis
571 2097 808 2194 protectionis
836 2106 962 2171 nostre
992 2105 1029 2171 et
1055 2095 1222 2171 eiusdem
1248 2096 1396 2195 Imperii
1420 2118 1490 2195 pro
1518 2096 1623 2170 nobis
1644 2111 1681 2171 et
1699 2121 1767 2172 uo·

378 2197 466 2270 stris
505 2193 802 2272 successoribus
837 2195 1080 2271 Mmarrorom
1114 2195 1398 2297 Imperatoribus
1434 2207 1472 2270 et
1504 2193 1671 2294 Regibus
1714 2219 1767 2271 ex

379 2296 501 2370 innato
526 2296 634 2371 nobis
661 2297 894 2396 benignitatis
921 2296 1123 2372 clemencia
1149 2297 1347 2397 recipimus
1363 2309 1656 2412 perpreseutes,
1683 2293 1768 2374 Sed

257 2399 263 2406 ’
377 2398 459 2494 quia
491 2419 615 2494 parum
652 2407 757 2473 esset
792 2395 886 2472 Jura
920 2393 1084 2472 condere
1125 2409 1162 2472 et
1198 2400 1394 2496 quempiam
1429 2419 1465 2469 rn
1502 2399 1766 2496 protectionem

374 2499 454 2571 reci
481 2519 547 2572 ere
574 2497 644 2572 nisi
671 2507 810 2588 essent,
836 2497 897 2596 qui
923 2498 1017 2573 Jura
1044 2495 1175 2573 eadem
1200 2509 1237 2573 et
1262 2498 1331 2573 sub
1346 2499 1574 2598 protectione
1592 2519 1680 2573 rece
1708 2510 1766 2573 tos

375 2519 536 2672 lidebter
561 2607 758 2671 tuerentur.
807 2595 993 2672 Nolentes
1026 2599 1158 2672 dictum
1185 2610 1345 2672 nostrum
1371 2595 1572 2698 principem
1597 2609 1636 2672 et
1660 2523 1789 2674 (lon.

376 2695 550 2770 siliarium
577 2693 908 2795 successoresque
935 2720 1025 2772 snos
1052 2697 1265 2798 Episcopus
1295 2709 1332 2771 et
1358 2697 1569 2773 Ecclesiam
1596 2699 1767 2796 August-

376 2817 514 2885 ensem,
540 2795 587 2868 ab
613 2795 737 2892 aliquo
762 2797 925 2872 indebite
951 2797 1189 2897 pregrauari,
1215 2792 1355 2872 eudem
1382 2811 1528 2874 nostros
1545 2811 1592 2873 et
1617 2798 1771 2899 Imperii

378 2891 487 2970 Suari
513 2895 752 2973 venerabiles
767 2893 1078 2996 herbipolensem,
1105 2892 1447 2988 Constaneiensem,
1473 2899 1766 2996 Erisiugensem,

347 3071 348 3076 ,
375 2991 639 3093 Eystetensem
667 2993 919 3071 Ecclesiamrn
946 2995 1156 3096 Episcopus
1184 3007 1222 3071 et
1248 2997 1422 3075 lllustres
1449 2991 1568 3075 duces
1593 2999 1766 3090 Bauarie,

373 3093 606 3191 Burgrauios
631 3091 982 3195 Nurembergensbs
1007 3093 1250 3172 Marobiones
1285 3093 1334 3174 de
1368 3097 1499 3175 Badeo
1535 3111 1571 3173 et
1598 3094 1766 3176 Comites

313 3283 320 3295 ,
376 3187 426 3267 de
454 3193 798 3294 Wirtembcrg'qui
821 3219 917 3272 nunno
944 3207 1039 3288 sunt,
1065 3208 1129 3271 aut
1156 3221 1222 3299 pro
1248 3197 1589 3300 tempore'lueriut,
1616 3210 1766 3274 nostros

375 3303 413 3369 et
435 3293 585 3395 Imperii
609 3295 799 3396 principes
821 3291 979 3371 deuotus
1005 3308 1042 3372 et
1066 3295 1201 3374 fideles
1224 3297 1396 3387 dilectos,
1420 3301 1540 3375 auimo
1560 3296 1767 3374 deliberato

373 3415 445 3472 nou
471 3417 540 3494 per
566 3415 747 3483 amorem,
783 3405 844 3470 aut
877 3394 1083 3496 improuide
1116 3397 1187 3473 sed
1222 3421 1273 3475 ex
1305 3411 1409 3475 certa
1437 3409 1562 3474 nostra
1589 3394 1765 3488 sciencia,

373 3492 477 3570 Sauo
503 3496 702 3595 principum
725 3489 902 3572 Comitum
928 3497 1122 3587 llaronum,
1149 3498 1349 3577 Procerum
1376 3510 1414 3574 et
1429 3498 1601 3577 nobilium
1619 3497 1766 3574 nostro-

373 3617 451 3672 rum
476 3607 516 3670 et
540 3595 688 3694 Imperii
714 3591 894 3688 fidelium,
927 3595 1131 3673 accedente
1158 3598 1317 3675 consilio
1342 3602 1557 3678 auctoritate
1581 3597 1703 3694 Regia
1728 3608 1765 3672 et

374 3689 423 3770 do
450 3692 681 3796 plenitudine
712 3691 879 3770 eiusdem
911 3699 1125 3800 potestatis,
1163 3721 1231 3799 pro
1267 3699 1374 3778 nobis
1409 3712 1448 3778 et
1480 3699 1591 3776 dictis
1626 3699 1765 3774 nostris

373 3792 674 3884 successoribus,
692 3809 991 3892 conseruatores,
1010 3811 1254 3891 executores,
1264 3798 1501 3890 defensores,
1519 3807 1764 3901 protectores,

373 3913 487 3967 ueros
513 3901 554 3966 et
568 3888 767 3988 legittimus
788 3900 1052 3991 constituimus,
1071 3893 1332 3990 ordinabimus,
1346 3899 1514 3990 fecimus,
1533 3901 1764 3976 creauimus·

374 4010 446 4161 pre
467 3986 622 4065 iacimus
647 3990 857 4074 ordinamus
882 4009 1011 4078 tenore
1063 4001 1271 4076 resenoium
1297 4010 1335 4076 et
1362 4023 1540 4077 cramus
1579 3998 1637 4075 Ita
1662 3995 1764 4098 quod
1804 3994 1808 4002 ’

394 4099 686 4186 euseruatures,
711 4091 950 4178 Executores
974 4112 1012 4176 et
1031 4023 1269 4177 baranum
1293 4098 1427 4200 prelati
1453 4109 1492 4176 et
1516 4098 1670 4200 quilibet
1695 4119 1764 4175 eo-
