4209 5034
392 478 571 591 4³3„
678 564 681 569 a
956 464 1369 579 mumma-⁴·

384 728 495 837 up'ora
518 720 668 801 'Mense
706 716 921 821 Episcopali
954 718 1184 817 Auguatensi
1223 720 1457 827 incorporata
1474 721 1633 802 ‘'misact
1667 716 1807 804 Emer

403 842 536 937 postea
562 825 661 901 bone
682 822 851 897 memorie
877 818 1117 898 Burcbardus
1141 823 1355 929 Episcopus
1374 827 1630 927 Augustensis
1654 820 1788 903 dictam

390 930 596 1010 ecclesiam
622 916 764 999 cuidam
791 918 929 995 clerico
954 918 1123 998 familiari
1149 948 1220 1000 suo
1244 928 1459 1013 auctoritate
1478 921 1667 1003 ordinaria
1690 923 1789 1001 dun·

399 1039 503 1109 taxat
529 1022 679 1101 contulit
715 1030 753 1129 et
777 1014 826 1093 de
856 1020 921 1094 illa
945 1022 1052 1095 etiam
1078 1024 1239 1125 prouidit
1264 1027 1353 1103 licet
1378 1023 1427 1103 de
1452 1025 1552 1104 lacto
1577 1024 1804 1126 quiquidem

394 1128 566 1208 elericos
598 1122 696 1196 illam
725 1115 866 1195 exinde
899 1128 938 1194 et
970 1126 1193 1202 successise
1226 1125 1387 1202 nonnulli
1418 1124 1484 1202 alii
1515 1124 1645 1201 clerici
1680 1128 1788 1201 etiam

397 1250 484 1307 eam
522 1227 748 1321 occuparunt
779 1216 925 1293 tructus
958 1241 1007 1294 ex
1041 1224 1125 1323 ipsa
1160 1228 1409 1327 percipientes
1442 1227 1550 1302 etiam
1589 1220 1640 1301 de
1672 1223 1785 1300 lamo.

397 1328 531 1423 ‹Quare
564 1344 632 1421 pro
666 1328 773 1421 parte
801 1315 891 1393 dicti
925 1314 1164 1417 cardinalis,
1203 1327 1265 1425 qui
1295 1328 1414 1402 eciam
1447 1346 1498 1403 ex
1538 1324 1784 1401 concessione

392 1420 612 1531 ‘apostolica
644 1418 898 1516 augustensis
930 1416 1147 1525 Episcopus
1176 1426 1323 1516 existit,
1364 1426 1471 1501 nobis
1503 1422 1574 1501 fnit
1606 1422 1787 1501 humiliter

398 1524 645 1629 supplicatum
670 1530 710 1592 ut
733 1540 849 1617 super
873 1514 947 1593 hoc
972 1544 1041 1597 suo
1069 1533 1108 1597 ct
1130 1546 1392 1600 successorum
1417 1543 1566 1599 suornm
1601 1545 1671 1623 pro
1694 1533 1786 1597 term

401 1646 497 1732 pore
534 1618 768 1699 existentium
807 1638 952 1691 necnon
989 1621 1136 1721 prefate
1167 1623 1305 1700 Mense
1339 1626 1450 1701 malui
1490 1635 1528 1700 et
1565 1621 1791 1698 indemnitati

403 1736 584 1827 oportune
609 1710 809 1819 prouidere
843 1712 892 1789 de
917 1716 1142 1819 benignitate
1173 1724 1379 1825 apostolica
1411 1722 1665 1823 dignaremur,
1702 1718 1790 1800 Nos

272 1906 276 1911 ,
401 1828 516 1925 igitur
540 1809 748 1892 huiusmodi
773 1814 1102 1915 supplicationibus
1124 1830 1290 1923 nuquam
1315 1824 1425 1899 iustis
1451 1832 1489 1898 et
1515 1819 1788 1920 rationabilibus

402 1929 607 2001 annuentes
626 1988 630 1995 ,
648 1912 846 1989 ecclesiam
885 1915 1061 2015 prefatam
1100 1920 1207 1995 cuins
1237 1922 1381 1997 tructus
1417 1919 1585 1998 redditus
1621 1932 1659 1997 et
1698 1941 1791 2020 pro·

402 2030 538 2100 neotus
563 2008 771 2090 Duodecim
794 2010 1029 2093 Mancharum
1062 2023 1206 2118 argenti
1239 2018 1444 2098 secundum
1468 2022 1690 2098 mmmunetn
1714 2039 1788 2096 ex·

404 2117 631 2201 tirnacionem
656 2112 819 2189 ualerem
842 2134 998 2191 annuum
1036 2128 1077 2194 ut
1100 2114 1198 2195 idem
1224 2117 1435 2198 Cardinalis
1459 2121 1596 2196 asserit
1619 2140 1691 2201 noo
1716 2138 1791 2195 cx·

405 2218 542 2297 cedunt
575 2236 657 2291 oum
682 2210 850 2328 omnibus
881 2212 1023 2323 iuribus
1057 2229 1096 2294 et
1127 2222 1351 2319 pertinentiis
1382 2221 1464 2297 anis
1496 2214 1617 2297 eidem
1650 2216 1791 2295 Mense

406 2321 515 2397 cuius
535 2314 719 2390 fructuum
743 2306 950 2387 reddituum
977 2327 1014 2391 et
1038 2330 1276 2416 prouentuum
1301 2340 1428 2395 uerum
1453 2344 1607 2394 annuum
1626 2316 1792 2393 nalorent

339 2442 342 2455 ¹
405 2415 537 2495 haberi
572 2411 740 2488 uolumus
775 2429 844 2509 pro
883 2432 1068 2513 expresso
1108 2420 1323 2494 anmoritate
1363 2418 1570 2519 apostolica
1604 2438 1655 2493 ex
1687 2425 1794 2493 certa

407 2516 564 2595 scientia
601 2523 729 2588 tenore
761 2512 985 2610 presentium
1018 2528 1196 2617 perpetuo
1229 2518 1374 2593 vnimns
1405 2518 1628 2592 annectimus
1662 2526 1701 2591 et
1732 2514 1796 2590 in·

405 2632 661 2716 serperemus,
694 2610 744 2682 ita
776 2602 873 2705 quod
905 2612 1065 2690 cedente
1090 2616 1152 2690 uel
1179 2613 1388 2693 decedente
1413 2612 1591 2691 moderno
1613 2623 1791 2717 pretenso

404 2715 570 2793 Rectene
594 2710 713 2809 ipsius
740 2705 907 2783 ecclesie
941 2734 1012 2789 scu
1045 2714 1140 2791 alias
1172 2714 1269 2791 illam
1295 2710 1566 2815 quomodolibet
1591 2712 1793 2799 dimittente

403 2816 517 2892 licem
546 2807 691 2910 prelato
715 2799 908 2879 Cardinali
933 2822 970 2885 et
993 2810 1184 2913 Episcopo
1209 2836 1278 2913 per
1302 2837 1348 2891 se
1374 2812 1443 2892 uel.
1463 2812 1575 2890 aliurn
1598 2834 1670 2889 sen
1694 2811 1791 2888 alios

406 2907 635 3005 corporalem
666 2905 943 3005 possessionem
980 2910 1148 2987 ecclesie
1181 2913 1397 3012 iurinmqne.
1418 2925 1456 2990 et
1494 2913 1790 3011 pertinentiarum
1922 2942 1925 2946 ·

404 3006 651 3115 predictorum
686 3002 902 3081 auctoritate
932 3012 1082 3110 propria
1116 3010 1233 3087 libere
1265 3010 1572 3113 apprehendere,
1610 3011 1721 3185 cipue
1754 3018 1793 3104 et

410 3104 520 3188 dictis
559 3100 846 3181 successoribus
884 3120 1062 3207 perpetuo
1099 3110 1196 3193 illam
1236 3114 1399 3188 retinere
1436 3108 1612 3207 illiusque
1666 3119 1794 3187 metus

407 3205 578 3287 redditus
603 3216 640 3279 et
666 3208 866 3303 prouentus
903 3206 940 3280 in
974 3231 1065 3283 suos
1100 3232 1146 3284 ac
1170 3206 1308 3287 Mense
1342 3222 1380 3288 et
1412 3211 1580 3288 ecclesie
1603 3207 1793 3311 predicta·
1850 3277 1853 3281 s

390 3334 485 3387 rum
521 3300 625 3382 usus'
649 3314 691 3391 ct¹
721 3295 908 3380 utilitatem
941 3318 1162 3385 conuertere
1197 3310 1352 3385 alicuius
1380 3324 1504 3409 ‘snper
1536 3309 1609 3386 boc
1642 3308 1795 3385 lieentia
1937 3322 1949 3335 ‘

405 3412 546 3489 minime
580 3404 764 3501 requisita.
813 3399 901 3479 Non
935 3406 1161 3484 obstantibus
1188 3404 1520 3486 constitutionibus
1552 3418 1591 3514 et
1616 3404 1795 3484 ordoni-

404 3510 538 3587 onibus
574 3498 790 3602 apostolicis
822 3514 933 3603 atquc
965 3510 1115 3583 nostris.
1133 3508 1200 3583 illa
1230 3510 1425 3611 presertim
1483 3532 1528 3585 er
1559 3531 1665 3608 quam
1695 3506 1792 3583 inter

406 3620 534 3687 cetera
557 3602 740 3679 noluimus
772 3598 872 3693 duod
903 3606 940 3681 in
965 3607 1164 3683 volonibus
1188 3609 1396 3685 commissio
1420 3534 1481 3684 ulf
1495 3619 1796 3711 partessempor

406 3708 490 3784 fieri
526 3702 683 3819 debeat·
699 3702 910 3815 ceterisque
951 3709 1147 3784 contrariis
1183 3709 1469 3807 quibuscumque
1507 3716 1572 3784 aut
1604 3706 1642 3783 si
1678 3704 1794 3805 aliqui

405 3826 452 3981 zu
471 3795 1208 3983 'aemoniaslffilzsiin'iillrfswiglrlt‘iiasrrsdg
1231 3805 1459 3983 ppiiplserpoplpl
1476 3804 1795 3982 ‘eulogi-liliam&

406 3926 543 4084 napis&
576 3996 683 4075 sedis
712 3994 775 4070 uel
802 3932 1027 4105 haganoni-'1
1063 4008 1148 4082 eius
1182 3930 1326 4083 lieteras
1360 3930 1584 4106 inpetrgarint
1615 3925 1747 4081 etianip
1756 4001 1795 4081 ei

403 4124 475 4207 per
510 4122 590 4185 ens
619 4095 671 4175 od
700 4091 947 4187 inhibitionem
985 4104 1279 4189 reseruationen
1309 4112 1349 4185 ct
1380 4103 1570 4185 decretum
1600 4101 1666 4197 uel
1696 4100 1795 4182 alias
