4209 5034
224 545 227 549 Δ
363 466 465 554 240
941 420 1212 551 itionumenta

364 702 556 778 valnarum
582 713 620 776 et
643 704 825 801 portarum
852 693 1098 799 predictarum
1122 709 1289 795 tanquam
1313 692 1462 793 publiea
1487 704 1523 769 et
1545 691 1681 769 idonea
1705 693 1754 771 ad

363 802 495 877 literas
522 814 559 876 et
584 822 788 901 processus
808 809 961 873 nostros
986 791 1194 873 huiusmodi
1217 787 1474 895 publicandum
1500 804 1537 867 et
1562 815 1755 893 exequen-

367 900 452 975 dum
477 896 650 974 duximus
676 897 853 997 eligenda
877 895 925 971 ad
950 897 1066 971 instar
1092 894 1293 972 edictorum
1318 892 1545 993 publicorum
1572 916 1643 991 que
1669 894 1755 971 olim

284 1016 288 1023 ·
365 999 410 1073 ln
435 1001 520 1075 albo
545 998 707 1100 pretorio
733 996 1006 1088 scribebantur,
1042 1018 1113 1093 que
1147 1006 1343 1095 presentes
1376 1004 1521 1068 nostras
1553 990 1682 1081 literas
1718 1004 1756 1069 et
1791 1012 1798 1019 ’

366 1121 574 1197 processus
598 1121 669 1173 suo
696 1098 799 1196 quasi
825 1118 961 1172 sonoro
989 1096 1166 1196 preconio
1193 1107 1227 1171 et
1254 1094 1378 1195 patulo
1404 1090 1558 1168 Judicio
1583 1092 1755 1192 publica·

363 1200 461 1294 baut
513 1193 607 1275 Cum
633 1221 704 1272 non
730 1200 779 1271 sit
801 1194 1005 1271 verisimile
1036 1193 1136 1296 apud
1169 1196 1273 1295 ipsos
1302 1195 1360 1269 sic
1385 1193 1539 1267 monitos
1564 1214 1754 1268 remanere

364 1299 608 1396 incognitum,
642 1292 740 1395 qnod
770 1306 841 1371 tum
866 1293 1030 1396 patenter
1063 1308 1099 1370 et
1130 1296 1271 1369 notorie
1297 1293 1418 1369 extitit
1443 1292 1606 1367 omnibus
1634 1292 1755 1393 publi·

295 1445 304 1453 ·
366 1411 493 1472 catum.
555 1397 737 1471 Volumus
774 1392 1005 1471 nihilominus
1051 1406 1089 1469 et
1130 1394 1226 1469 dicta
1267 1394 1480 1468 auctoritate
1522 1390 1755 1469 decernimus

365 1496 575 1597 apostolica
601 1492 700 1594 quod
724 1494 932 1569 huiusmodi
958 1499 1083 1568 nostre
1109 1493 1214 1569 litere
1248 1492 1354 1567 modo
1389 1494 1567 1592 premisso
1593 1502 1754 1567 execute

367 1596 485 1669 dictos
513 1596 665 1669 monitos
690 1592 847 1695 perinde
871 1604 1023 1669 arceant
1051 1605 1088 1669 et
1123 1594 1325 1691 astringant
1360 1614 1406 1665 ac
1439 1592 1473 1665 si
1508 1590 1755 1690 personaliter

368 1690 593 1791 apprehensi
632 1705 668 1767 ct
702 1691 909 1767 huiusmodi
945 1705 1071 1768 nostre
1109 1691 1218 1767 litere
1253 1692 1294 1765 lu
1328 1713 1452 1767 eorum
1488 1704 1525 1765 et
1558 1690 1756 1767 cuiuslibet

367 1798 528 1893 ipsorum
555 1793 744 1892 presentia
768 1792 931 1890 legitime
958 1792 1116 1869 fuissent
1142 1802 1179 1865 et
1198 1802 1325 1867 esseut
1340 1790 1536 1891 publicato.
1563 1789 1756 1865 Preietos-

368 1914 513 1992 quoque
539 1891 668 1967 literas
694 1903 730 1967 et
755 1889 853 1965 huuc
879 1902 1040 1967 nostrum
1074 1912 1293 1993 processum
1326 1888 1495 1965 volumus
1520 1913 1638 1991 penes
1664 1912 1757 1965 eun-

370 1992 453 2066 dem
479 1989 658 2065 dominum
684 1989 924 2067 Ansbelmum
949 1989 1119 2067 Electum
1144 1990 1423 2089 Augustensem
1458 1987 1521 2063 vel
1558 1990 1640 2065 eius
1665 2013 1757 2091 pro-

368 2101 573 2167 curatorem
598 2113 789 2166 remanere
815 2101 852 2165 et
876 2114 947 2167 nou
973 2113 1042 2192 per
1067 2091 1151 2167 Vos
1178 2112 1248 2165 seu
1273 2089 1429 2187 aliquem
1448 2096 1610 2163 vestrum
1628 2100 1757 2166 contra

367 2193 529 2290 ipsorum
554 2189 775 2265 voluntatem
808 2189 1080 2289 quomodolibet
1113 2190 1269 2265 detineri
1303 2184 1531 2265 Contrarium
1572 2210 1663 2264 vero
1697 2188 1757 2265 ia-

360 2291 512 2365 cientes
537 2288 693 2391 prefatis
717 2292 855 2365 uostris
887 2292 1081 2366 sententiis
1115 2312 1161 2364 eo
1194 2284 1302 2365 modo
1336 2311 1406 2387 quo
1444 2288 1520 2363 late
1552 2300 1638 2364 sunt
1672 2290 1684 2363 i
1710 2311 1757 2365 so

367 2388 537 2465 volumus
561 2388 661 2466 facto
684 2389 892 2468 subiacere.
942 2388 1164 2465 Mandemus
1196 2396 1315 2465 tamen
1353 2387 1463 2463 vobis
1497 2410 1542 2463 co
1570 2390 1639 2463 iam
1700 2390 1756 2468 eri

361 2484 419 2564 de
471 2490 637 2565 remissis
670 2490 705 2563 si
742 2512 820 2567 eam
846 2491 1038 2591 pecieritis
1064 2500 1101 2565 et
1125 2487 1265 2565 habere
1289 2486 1505 2579 volueritis,
1540 2412 1760 2565 ietencium

366 2592 427 2687 qni
457 2612 514 2663 em
539 2590 741 2688 sumptibus
767 2600 804 2665 et
828 2590 1020 2691 expensis.
1070 2587 1194 2665 Vobis
1226 2590 1350 2687 itaque
1385 2588 1572 2663 uniuersis
1609 2600 1646 2663 et
1678 2589 1758 2663 sin-

368 2688 471 2785 gulis
496 2690 667 2786 personis
702 2688 970 2763 ecclesiasticis
995 2683 1218 2789 supradictis
1250 2686 1559 2788 Archiepiscopis
1593 2696 1630 2763 et
1661 2684 1757 2789 Epi-

367 2787 498 2885 scopis
525 2785 657 2883 quibus
691 2787 738 2860 ob
763 2789 1006 2863 reuerentiam
1042 2785 1262 2885 pontificalis
1296 2786 1485 2886 dignitatis
1511 2782 1756 2863 deferendum

369 2882 540 2957 duximus
563 2881 748 2959 dumtaxat
768 2887 939 2986 exeeptis
955 2886 1170 2961 auctoritate
1189 2884 1332 2985 prelata
1350 2886 1563 2985 ,apostolica
1584 2886 1654 2963 sub
1680 2909 1754 2963 ex-

367 2984 708 3059 communioacionis
733 3006 840 3087 pena,
867 3009 970 3083 qnam
994 2984 1030 3059 in
1046 2996 1210 3061 vestrum
1229 2986 1425 3086 quemlibet
1449 2988 1630 3085 premisse
1649 2988 1755 3063 trium

371 3080 512 3157 dierum
537 3084 716 3159 canonica
741 3085 946 3161 monicioue
973 3108 1065 3183 qnos
1091 3108 1158 3187 pro
1184 3088 1278 3163 omni
1305 3082 1489 3163 dilacione
1512 3084 1652 3162 adhoc
1672 3086 1756 3161 cui-

366 3181 460 3258 libet
506 3194 669 3259 restrum
711 3186 945 3282 assignantes
984 3184 1116 3283 quibus
1160 3186 1392 3285 presentibus
1435 3208 1504 3260 non
1546 3184 1757 3261 obedierint

365 3280 520 3359 ferimus
544 3283 748 3359 solenniter
772 3284 814 3357 ln
840 3281 913 3357 hiis
933 3286 1083 3383 scriptis
1101 3282 1265 3361 districte
1285 3284 1527 3387 precipiendo
1543 3284 1756 3361 nraudanrus

368 3392 549 3479 qnatenus
582 3380 680 3457 huuc
713 3394 875 3463 nostrum
913 3385 1135 3459 monitorium
1170 3407 1385 3485 processum
1422 3396 1459 3460 et
1493 3386 1612 3459 omnia
1643 3386 1679 3459 in
1706 3406 1755 3461 eo

369 3490 541 3557 contenta
566 3478 648 3555 dum
683 3480 829 3579 qnando
855 3492 1023 3581 etprout
1053 3506 1122 3584 pro
1153 3496 1258 3583 parte
1287 3480 1376 3559 dicti
1403 3483 1537 3561 domini
1561 3482 1757 3559 Ansbelmi

365 3576 494 3653 Illecti
519 3590 558 3654 et
583 3579 782 3655 confirmati
807 3581 974 3754 requisiti
996 3582 1144 3659 fueritis
1179 3582 1222 3657 ln
1257 3584 1488 3659 monasteriis
1514 3592 1552 3659 ct
1578 3582 1755 3659 ecclesiis

367 3679 508 3753 vestris
533 3676 617 3753 duur
642 3679 770 3780 populi
802 3704 862 3755 ruu
877 3680 992 3755 titudo
1031 3681 1080 3757 ad
1118 3677 1337 3759 audiendum
1370 3681 1496 3764 diuina
1529 3692 1756 3782 congregata
1867 3686 1873 3693 ’

365 3775 481 3851 fucrit
505 3776 751 3869 denuncietis,
777 3778 949 3881 qnodque
975 3781 1011 3856 in
1037 3780 1110 3855 biis
1136 3782 1370 3880 exequendis
1396 3782 1490 3857 alter
1516 3780 1668 3857 alterum
1684 3806 1755 3857 uon

368 3887 546 3974 expectet
577 3898 650 3952 nec
681 3902 779 3955 vnus
817 3902 886 3971 per
919 3880 1032 3955 aliurn
1057 3900 1102 3955 se
1127 3892 1298 3957 excuset.
1348 3880 1636 3957 Absolucionem
1662 3903 1755 3957 vero

366 3975 523 4051 omnium
550 3987 587 4051 et
610 3978 835 4077 singulorum
861 3981 921 4073 qni
947 3977 1111 4081 prelatas
1135 3992 1281 4057 nostras
1296 3978 1520 4059 Sentencias
1545 3991 1756 4057 ontearum

360 4072 527 4174 aliquam
541 4072 768 4155 Incurrerint
785 4101 857 4155 scu
873 4080 1067 4155 incurrerit
1083 4082 1216 4179 quouis
1235 4080 1342 4156 ruodo
1360 4080 1465 4157 nobis
1487 4078 1552 4193 qel
1571 4081 1757 4182 superiori

2007 646 2027 1412 ‘z-ffl·ffiz:ffl-ss=

2027 1914 2029 1921 .
2023 1785 2028 1823 ⁴-
2020 1672 2029 1723 —-
2018 1570 2028 1620 —a
2016 1442 2028 1517 .—
