4209 5034
414 651 415 659 Ν
510 535 615 624 388
961 529 966 538 ’
1098 536 1321 623 Ilrburiurn

607 771 699 846 Item
716 768 764 845 dc
787 769 845 845 IX
862 771 960 844 areis
983 767 1118 844 ibidem
1139 769 1188 846 de
1204 770 1362 870 qualibet
1384 769 1443 845 III
1464 767 1638 846 denarios
1658 771 1728 846 etl
1745 772 1864 873 pullun.

610 869 702 945 Item
729 880 814 945 sunt
839 865 974 944 ibidem
1000 869 1039 944 Π
1064 893 1153 946 areo
1180 869 1342 968 quelibet
1367 870 1479 952 soluit
1503 869 1544 966 II
1569 863 1751 947 denarios.
1792 873 1867 951 Item

506 975 799 1072 forestariorum
826 967 1135 1046 Goezlrerrltuseu
1160 969 1251 1045 ΙΨ*
1284 970 1471 1047 Metretas
1496 991 1627 1044 uueoe.
1756 1035 1762 1040 .

607 1069 700 1144 Item
737 1071 772 1142 in
800 1065 1092 1166 lllalgerslrnsen
1125 1071 1184 1144 ins
1219 1067 1426 1146 adnocacie
1460 1079 1520 1145 est
1560 1066 1694 1142 domini
1719 1067 1868 1172 Episcopi

510 1169 601 1246 Item
625 1167 685 1244 VI
710 1170 826 1260 mansi
851 1163 900 1241 de
926 1167 1088 1263 quolibet
1112 1169 1170 1242 VI
1194 1179 1368 1244 metretas
1393 1189 1516 1244 auene
1539 1165 1636 1242 XIV
1662 1163 1870 1246 denariuset

510 1265 532 1343 I
555 1267 704 1369 pnllnrn.
755 1267 846 1341 Itenr
871 1265 911 1341 II
936 1289 1023 1356 aree
1050 1267 1199 1342 solnnnt
1220 1269 1261 1342 II
1286 1267 1421 1369 pullos.

496 1450 507 1456 ,
612 1367 704 1441 Item
730 1366 766 1440 in
782 1365 1010 1468 Tepshonen
1035 1383 1122 1444 runt
1144 1369 1221 1466 otlf
1237 1368 1418 1444 lotlluob
1442 1389 1515 1468 qne
1535 1365 1681 1440 solnunt
1703 1369 1872 1468 sicntpre·
1960 1374 1961 1389 ¹

435 1493 439 1508 ·
515 1460 695 1542 cedentes
722 1464 881 1564 quelibet
906 1465 1016 1541 soluit
1040 1467 1098 1539 Ill
1124 1479 1296 1543 metretas
1321 1489 1440 1543 auene
1466 1477 1504 1542 et
1528 1465 1606 1540 VII
1633 1465 1810 1542 deneros
1960 1466 1961 1547 ἶ

514 1665 533 1740 1
606 1556 704 1738 lItem
731 1568 766 1639 in
792 1563 1010 1666 spethingen
1035 1561 1241 1642 aduocaois
1264 1575 1325 1642 est
1350 1565 1488 1643 domini
1516 1563 1698 1667 Episcopi
1724 1577 1760 1640 et
1782 1563 1874 1642 soluit
1960 1588 1961 1607 ¹

583 1689 606 1738 n
637 1688 705 1739 nur.
1960 1684 1961 1693 ¹

557 1689 581 1766 p
611 1763 703 1838 Item
728 1765 763 1836 iu
780 1762 1009 1839 Etteulronen
1037 1775 1073 1838 et
1094 1766 1129 1837 in
1148 1761 1467 1862 Engelliuslrouen
1483 1754 1542 1837 111
1564 1763 1691 1854 nransi,
1718 1765 1775 1859 qui
1790 1763 1876 1838 soln-

512 1873 574 1936 unt
599 1861 658 1938 111
683 1857 825 1937 modios
850 1884 970 1936 anone
992 1877 1028 1937 et
1054 1865 1114 1938 III
1137 1861 1294 1964 pullos(
1356 1880 1359 1884 ·

610 1959 702 2034 Item
728 1959 776 2033 de
797 1960 1048 2060 adelburgriet
1074 1962 1122 2035 de
1149 1961 1293 2036 duobus
1319 1961 1456 2035 mansis
1481 1959 1561 2036 XII
1584 1967 1758 2036 metretas
1777 1978 1877 2033 aucne

398 2151 406 2161 .
511 2071 547 2133 et
571 2057 681 2136 XIV
699 2057 884 2134 decumus.

612 2157 703 2232 Item
728 2155 749 2231 I
774 2158 917 2232 rubrum
943 2167 981 2232 et
1004 2157 1064 2232 III
1088 2160 1228 2256 iugera.
1280 2159 1372 2233 Item
1398 2123 1448 2234 de
1484 2155 1705 2233 lutoltsrieth
1740 2158 1787 2234 de
1819 2177 1878 2230 ruo
1960 2178 1961 2237 3

301 2259 311 2273 ¹
417 2331 419 2336 ,
503 2247 638 2332 ¹manso
663 2254 687 2337 I,
708 2251 865 2331 modium
891 2279 1012 2331 unene
1038 2269 1076 2331 et
1099 2258 1118 2331 l
1142 2256 1300 2333 solidum
1316 2254 1560 2334 denariorum.
1598 2257 1689 2331 Item
1717 2254 1766 2334 de
1790 2251 1878 2330 inds-

382 2423 383 2428 ,
512 2353 635 2431 honen
661 2351 711 2430 de
735 2380 808 2431 vno
834 2377 959 2429 manso
982 2356 1003 2430 l
1027 2355 1182 2430 modium
1207 2341 1328 2432 auede
1353 2357 1433 2432 etl
1458 2355 1613 2431 solidum
1651 2351 1879 2432 denariorum·
1960 2362 1961 2365 ’

452 2507 455 2512 -
611 2454 703 2530 Item
728 2456 764 2528 in
789 2453 992 2531 Erkhusen
1018 2453 1220 2530 adnocacia
1245 2468 1304 2530 est
1336 2451 1470 2530 domini
1494 2455 1686 2556 Episcopi.

613 2555 704 2634 Item
728 2551 941 2636 advocatus
959 2563 1018 2643 est
1043 2552 1242 2646 EcclesIe,
1280 2554 1380 2653 qnod
1404 2555 1516 2631 soluit
1540 2555 1558 2631 l
1586 2552 1745 2637 modium
1770 2571 1880 2631 sueno

610 2653 702 2728 Item
727 2651 777 2728 de
802 2647 915 2728 Curia
939 2653 1093 2728 villicali
1118 2654 1137 2727 I
1162 2652 1318 2728 modion
1343 2675 1473 2729 auene.

609 2751 702 2827 Item
728 2751 776 2827 de
801 2752 915 2828 tribus
941 2751 1082 2852 prediis
1106 2753 1146 2826 11
1170 2749 1313 2828 modios
1340 2775 1457 2829 auene
1481 2761 1519 2826 et
1543 2749 1603 2826 VI
1627 2749 1769 2851 pullos

610 2850 702 2926 Item
733 2851 769 2925 in
801 2847 1122 2948 Sigharteshouen
1155 2851 1367 2928 EcclesIam
1400 2850 1544 2927 oonsert
1579 2849 1753 2924 dominns
1786 2846 1880 2944 Epir·
1960 2914 1961 2917 ,

512 2969 639 3047 copus.
689 2949 780 3022 Item
807 2963 866 3023 est
891 2949 1093 3025 aduocatos
1127 2949 1223 3026 dotis
1256 2947 1355 3051 quod
1389 2950 1501 3027 soluit
1532 2949 1552 3024 1
1586 2947 1745 3024 modIum
1779 2962 1880 3021 aueno

433 3145 437 3162 '
515 3057 552 3120 et
578 3047 1024 3261 vnlppmppltlppdnshouen
1050 3147 1089 3221 Π
1115 3157 1285 3223 metretas
1311 3169 1430 3224 aueoe
1456 3158 1493 3221 et
1517 3147 1557 3220 II
1607 3145 1721 3221 ullos.

612 3245 703 3320 Item
714 3269 752 3324 1n
779 3242 1071 3321 wilmsnslrouen
1097 3247 1155 3321 IV
1181 3259 1353 3323 metretas
1373 3267 1492 3323 auene
1517 3257 1554 3321 et
1578 3171 1776 3346 dpullunr·
1809 3240 1883 3316 Iten

510 3341 643 3419 ibidem
670 3342 718 3419 de
744 3341 948 3420 aduouaciu
972 3345 1029 3419 IV
1056 3357 1225 3422 metretas
1250 3367 1382 3422 auene.
1433 3345 1524 3422 Item
1549 3349 1587 3419 in
1611 3342 1770 3422 viscaclr
1793 3340 1881 3416 llcc·

513 3443 640 3518 lesiam
667 3443 810 3519 confert
835 3439 1005 3518 dominns
1029 3445 1253 3547 Episcopus.
1628 3535 1635 3545 ι

613 3542 702 3617 Item
729 3541 777 3618 de
803 3539 1005 3618 adnocacia
1031 3545 1128 3619 dotis
1153 3546 1172 3620 I
1196 3545 1351 3621 modium
1376 3567 1507 3621 aneue·
1544 3540 1703 3618 Item'de
1719 3542 1778 3618 IV
1797 3537 1883 3616 areis

514 3641 572 3717 IV
597 3641 749 3743 pullos·
779 3643 869 3718 Item
896 3639 944 3717 de
971 3638 1115 3720 duobus
1142 3646 1282 3746 prediis
1315 3640 1449 3720 ibidem
1472 3645 1493 3718 I
1530 3643 1682 3717 modium
1717 3661 1834 3716 sueno
1855 3644 1886 3709 et

515 3741 555 3816 II
578 3741 712 3841 pullos·
749 3740 843 3818 Item
872 3743 1010 3819 Ilrr'dcm
1033 3745 1079 3820 de
1129 3745 1265 3820 uadrm
1291 3769 1385 3820 areo
1408 3741 1616 3819 Imodr'trm
1636 3765 1769 3818 eunte
1807 3737 1885 3813 Itcn

515 3841 552 4015 iln
578 3841 835 4012 arlpoltesrieth
861 3841 909 3919 de
934 3843 1065 3942 predio
1092 3771 1179 3918 doti
1204 3844 1407 3943 heusinger
1430 3841 1489 3917 IV
1513 3853 1684 3917 metretas
1715 3842 1886 3916 aueneet

561 3963 608 4040 pu
641 3965 707 4014 um.

567 4137 593 4213 ss
615 4037 706 4115 Item
728 4042 764 4117 in
789 4041 1117 4122 isenricheslronen
1150 4041 1200 4119 dc
1230 4041 1362 4146 predio
1386 4042 1445 4118 lv
1470 4049 1642 4116 metretas
1667 4059 1791 4113 soene
1815 4027 1884 4108 etl

517 4163 565 4240 pu
597 4163 663 4215 tunt·
