4209 5034
496 537 598 638 8'14
909 571 941 666 j
1056 547 1363 640 numeru·
1413 556 1417 563 ·

492 779 622 860 saltem
648 780 847 856 cominatur
871 799 965 884 opus
990 776 1202 857 dissoluerc
1219 787 1257 856 ct
1271 767 1504 856 conminuere
1518 792 1590 851 non
1609 777 1859 876 attemptaucrit

493 881 705 980 relinquere
731 901 891 956 necesse
917 879 987 955 erit
1014 901 1085 955 seu
1109 882 1146 954 in
1171 889 1282 956 totum
1312 875 1494 954 deserere
1529 877 1647 952 locun
1670 875 1860 959 uenat

492 981 577 1158 pias
601 1003 735 1057 causas
761 991 870 1078 atque
892 1001 963 1081 pro
987 981 1158 1152 personis
1183 977 1292 1056 nnicbi
1316 979 1485 1077 cognatis
1508 977 1702 1074 egentibus
1726 986 1763 1052 et
1783 975 1860 1078 aiiis

518 1083 727 1161 enemeritis
765 1081 893 1174 legare
926 1089 963 1154 et
1014 1101 1128 1156 ouare
1152 1077 1254 1156 Inter
1281 1079 1394 1153 uiuos
1427 1097 1497 1152 scu
1530 1096 1647 1152 causa
1679 1077 1802 1152 nortis
1821 1071 1861 1154 ln

491 1183 662 1281 pecuniis
687 1182 854 1257 restibus
879 1178 1046 1255 clinodiis
1072 1179 1177 1254 libris
1203 1187 1330 1252 natura
1360 1176 1543 1275 saguinis
1568 1174 1703 1253 edocet
1727 1185 1766 1252 et
1788 1173 1861 1253 dic·

489 1288 553 1354 tat.
602 1280 776 1371 Quianil
799 1292 869 1356 tum
894 1279 1061 1354 naturaie
1085 1277 1290 1355 bominibus
1314 1299 1337 1350 a
1362 1274 1450 1376 iege
1478 1274 1634 1351 debetur
1657 1299 1762 1375 quau
1785 1273 1862 1354 dart

413 1392 436 1440 ¹·
491 1365 593 1454 aliud
618 1379 719 1454 veile
744 1401 816 1454 non
841 1377 976 1455 babent
1000 1376 1158 1454 testandi
1183 1387 1222 1453 et
1244 1374 1395 1475 legundi
1426 1374 1526 1452 liber
1559 1376 1610 1450 sit
1643 1374 1754 1450 stilus
1781 1395 1863 1476 pre·
1971 1398 1972 1415 ¹

490 1478 616 1553 missis
641 1477 770 1553 Rebus
795 1479 930 1572 legatis
955 1476 999 1552 In
1023 1481 1100 1554 rita
1124 1496 1195 1553 seu
1219 1489 1303 1576 post
1327 1473 1532 1550 mortennln
1555 1475 1633 1550 aiio
1656 1495 1740 1551 meo
1756 1481 1862 1551 testa·

491 1586 610 1654 mento
635 1579 996 1678 pretestamentarios
1029 1575 1261 1678 exequendis
1293 1576 1475 1676 exceptis.
1526 1573 1609 1665 Qua
1639 1575 1862 1652 execucione

491 1673 694 1850 lezatamm
727 1677 825 1755 sactu
857 1679 977 1752 omnia
1006 1678 1081 1753 aliu
1113 1679 1209 1754 bona
1237 1695 1308 1778 per
1339 1695 1397 1750 ure
1433 1674 1561 1749 relicta
1576 1671 1630 1747 -1n
1664 1674 1810 1750 brixina
1830 1681 1865 1750 ot
1971 1676 1972 1681 ’

492 1773 540 1850 uli
568 1777 580 1848 i
603 1776 698 1852 Juru
723 1787 760 1852 ct
790 1779 955 1852 actiones
986 1801 1059 1853 vna
1091 1777 1172 1851 cum
1203 1799 1273 1875 sup
1323 1772 1454 1852 llectiii
1478 1774 1622 1851 brixina
1645 1773 1800 1850 inuecta
1819 1769 1864 1848 ad

490 1869 674 1974 hospitale
698 1875 743 1949 ln
760 1874 968 1954 Suntboien
996 1871 1147 1950 donnini
1171 1877 1257 1950 voto
1296 1895 1399 1972 psunn
1424 1869 1672 1948 rniuersulenr
1698 1867 1865 1948 beredo·

490 1968 732 2048 Instituendo.
782 1975 872 2050 Itent
887 1969 981 2050 Cum
1007 1972 1203 2076 hospitalia
1224 1970 1406 2073 capetias
1429 1970 1569 2049 babere
1590 1983 1631 2052 et
1646 1969 1866 2048 cimiterium

492 2080 766 2148 consonuerunt
796 2073 842 2152 Si
873 2073 1184 2150 reuerendissima
1213 2074 1415 2176 patentitas
1446 2072 1496 2149 ad
1521 2068 1716 2172 Capellam
1744 2093 1865 2148 mus

490 2169 587 2247 istac
626 2168 834 2272 adjutrices
874 2175 1085 2276 porrexerit
1114 2173 1354 2252 edificandam
1385 2171 1451 2248 Ad
1487 2195 1592 2272 qna·
1628 2166 1866 2248 edificanda!

490 2267 604 2345 missa
627 2282 807 2444 perpetua
830 2272 927 2351 foret
961 2283 1140 2376 oportuna
1172 2273 1238 2349 Ad
1273 2275 1381 2392 cuius
1411 2273 1564 2390 Inieirm
1604 2271 1759 2391 aiterum
1847 2309 1867 2330 ·

490 2368 1866 2573 {iiiiii1¹¹ss0iiiiii}idibd‘iii'iiissii‘ndeiici'ssa'ibi‘n

490 2565 611 2643 lanum
636 2569 841 2647 institutum
866 2574 1060 2649 obseruari
1095 2574 1183 2648 voto
1208 2570 1427 2648 Coitacione
1452 2570 1654 2670 Episcopis
1679 2575 1867 2646 reseruata

489 2664 548 2744 lta
572 2677 612 2742 ut
625 2669 669 2743 ln
693 2673 987 2748 consecracione
1003 2669 1163 2772 Capella
1187 2693 1255 2771 pro
1278 2671 1444 2772 patronis
1462 2665 1693 2769 deputentnr.
1734 2667 1872 2746 Sancte

491 2759 598 2842 Crux
631 2779 668 2844 et
700 2763 841 2846 Sancta
873 2769 1009 2847 helena
1046 2775 1131 2849 eius
1161 2769 1362 2845 inventrix
1419 2769 1578 2844 Prouiso
1610 2767 1723 2859 Quod
1755 2771 1865 2872 ipsu

488 2861 673 2966 hospitale
699 2893 767 2970 per
792 2870 1003 2972 Episcopos
1027 2894 1098 2972 pro
1122 2882 1286 2970 tempore
1311 2870 1519 2945 existentes
1550 2881 1704 2968 regatur
1738 2879 1777 2944 et
1800 2889 1864 2968 gn·

488 2963 664 3040 bernetur
688 2979 943 3066 postmortem
968 2991 1082 3042 meam
1104 2969 1221 3044 Juxta
1245 2968 1438 3044 elementis
1460 2987 1581 3087 papae
1606 2967 1720 3067 quinti
1743 2963 1864 3071 dispo·

488 3062 664 3138 sicioneru
691 3062 879 3164 Contingit
903 3065 1133 3140 miserabiles
1158 3087 1340 3167 personas
1366 3066 1536 3166 bosprcio
1560 3067 1801 3168 recipiendos
1820 3063 1863 3144 Si

451 3221 454 3226 .
487 3160 646 3238 facultas
684 3163 795 3239 inerit
838 3162 1031 3263 hospitalis
1082 3164 1240 3242 adaucta
1288 3165 1491 3243 redditibus
1533 3169 1639 3266 ipsos
1709 3186 1863 3270 superes

486 3261 644 3338 alendos
677 3259 867 3340 cibandos
905 3264 986 3337 sine
1019 3258 1236 3342 differencia
1267 3287 1504 3366 personarum
1540 3262 1640 3366 quod
1671 3191 1863 3343 rbeuodori

487 3359 755 3472 Episcoporurn
782 3373 818 3436 et
844 3371 1024 3439 rectorum
1049 3366 1096 3440 ab
1114 3367 1214 3467 ipsis
1232 3360 1483 3466 deputatorum
1506 3366 1783 3465 relinquendum
1797 3365 1863 3442 erit

375 3495 383 3500 ·
488 3485 577 3536 suas
620 3461 873 3536 consciencias
911 3461 1125 3539 honorando
1166 3463 1263 3542 banc
1303 3467 1543 3567 prescriptam
1582 3465 1860 3565 disposicione·

488 3581 609 3636 rorum
635 3569 672 3634 et
697 3561 868 3634 bonorum
901 3575 1098 3662 acceptare
1128 3587 1154 3639 a
1185 3587 1243 3640 ue
1274 3563 1470 3641 Iniciatore
1495 3577 1535 3640 et
1564 3563 1689 3641 boniti
1721 3576 1861 3642 oratore

488 3660 684 3758 suscipere
710 3660 867 3757 benigne
892 3672 930 3737 et
951 3667 1123 3760 graciose
1154 3685 1223 3762 per
1244 3662 1604 3745 Reuerendissinanr
1628 3661 1860 3740 donadeus·

487 3770 647 3834 restrum
674 3770 823 3860 exopto.
872 3759 923 3835 Et
948 3761 1046 3864 quod
1067 3761 1395 3838 Reuerendissinta
1418 3767 1618 3864 paternitas
1641 3766 1694 3840 rti
1746 3762 1860 3839 renit-

487 3855 573 3932 titor
608 3879 831 3934 succursare
872 3883 952 3936 cunt
987 3859 1130 3936 decima
1161 3883 1246 3935 rucx
1280 3859 1428 3938 studeat
1461 3865 1580 3958 rogito
1621 3875 1714 3939 ete
1803 3862 1858 3935 'to

488 3953 639 4028 Attento
665 3955 763 4055 quod
789 3959 988 4035 donantes
1020 3960 1069 4035 ad
1094 3959 1167 4035 boc
1192 3957 1299 4061 Opus
1332 3985 1403 4036 non
1435 3961 1620 4040 sufficiant
1650 3963 1859 4060 litterasque

487 4051 701 4131 donacionis
727 4071 764 4134 et
789 4059 1080 4134 confirmacionis
1096 4057 1140 4134 ln
1164 4057 1280 4134 intuta
1305 4059 1428 4138 bodo
1453 4075 1491 4138 et
1516 4061 1760 4139 concedendo
1779 4081 1858 4136 cu

487 4155 681 4233 emunitate
706 4157 967 4241 ecclesiastica
991 4179 1135 4236 necnon
1166 4157 1217 4235 ud
1249 4177 1385 4239 ornare
1421 4157 1604 4265 hospitate
1635 4183 1718 4240 cunr
1747 4157 1858 4262 priri-
