4209 5034
600 677 603 685 ,
743 519 1009 668 mampsis
1035 556 1293 676 nmmum
1563 616 1571 624 ·
1629 550 1705 649 ⁸6

319 787 537 867 anctoritate
562 733 775 892 apostelica-
792 791 968 868 monmtis
999 799 1037 868 et
1073 749 1270 892 requiratis
1307 811 1379 869 scu
1410 791 1506 870 alter
1537 801 1700 871 nestum

174 917 180 924 ·
316 897 459 966 moneat
483 900 520 966 et
555 893 715 991 requiret
748 889 940 984 eumenus
971 889 1067 968 inira
1091 885 1248 968 Biduum
1281 900 1468 992 postquam
1501 889 1589 970 dicti
1625 915 1697 970 ex·

317 999 799 1168 ttlctlccttl
812 989 1193 1191 iuffiiiiiii
1216 991 1488 1194 iiiiii
1503 1013 1701 1171 ittet

317 1187 590 1292 expellentem
613 1185 663 1265 sd
687 1186 987 1268 sufisiauiendum
1017 1200 1056 1267 et
1080 1187 1279 1290 parendum
1305 1193 1342 1266 in
1375 1193 1541 1271 omnibus
1565 1206 1603 1270 et
1627 1215 1698 1293 per

316 1290 435 1366 omnia
460 1290 693 1390 presentibus
719 1292 855 1368 nom'ris
887 1292 1130 1393 processibus
1155 1291 1393 1385 compellant,
1428 1292 1600 1386 Quodsi
1624 1315 1697 1370 nou

165 1478 170 1484 ι
315 1387 475 1468 fecerint
490 1383 672 1468 Ciuitates
696 1389 809 1512 opida
830 1387 967 1468 Castra
990 1386 1152 1466 dominia
1173 1389 1286 1466 villas
1311 1404 1349 1466 et
1373 1413 1600 1494 quecumque
1624 1392 1698 1470 aliu

314 1487 400 1566 locu
422 1486 591 1589 predicte
625 1491 664 1566 in
694 1487 769 1568 bris
801 1492 949 1590 scriptis
970 1509 1132 1568 ‘exnunc
1166 1501 1276 1592 prout
1306 1501 1446 1568 extunc
1482 1491 1700 1569 nnmorimte

315 1587 525 1689 apostolica
548 1589 808 1666 ecclesiastico
833 1613 879 1667 su
905 1590 1073 1692 ponimns
1096 1588 1307 1684 interdicto,
1342 1588 1565 1668 Mandantes
1590 1591 1700 1669 nobis

315 1687 481 1764 omnibns
505 1701 543 1766 et
567 1689 728 1789 singulis
752 1712 865 1792 snpra
893 1691 976 1766 'ctis
1002 1685 1162 1766 modoet
1178 1687 1501 1790 lormepremissia
1517 1703 1697 1792 quatenus

316 1796 454 1864 extunc
478 1812 503 1864 a
517 1786 654 1866 diuinis
671 1789 806 1866 officiis
826 1787 1062 1866 celebrandis
1085 1790 1247 1866 cessetis
1274 1801 1312 1865 et
1334 1791 1432 1866 ulios
1456 1812 1612 1868 cessare
1635 1789 1697 1865 ln-

315 1887 423 1964 ciatis
447 1899 485 1964 et
523 1891 738 1988 permittatis
769 1891 906 1992 apertis
930 1890 1065 1967 Januis
1097 1891 1135 1962 in
1168 1891 1369 1992 presencia
1393 1891 1519 1992 populi
1544 1890 1700 1966 mantis

315 1985 372 2073 lte
396 1995 435 2064 et
459 1983 582 2063 taliter
607 1987 707 2090 qnod
726 1985 930 2067 huiusmodi
956 2001 1076 2066 munte
1099 1985 1297 2067 Interdicto
1311 1988 1414 2064 nulle
1438 1989 1702 2068 ecclesiastiea
1753 1987 1760 2010 “

316 2097 543 2164 sacramenta
568 2087 605 2162 in
629 2101 667 2166 et
690 2090 762 2166 snb
778 2089 920 2166 eisdem
937 2089 1033 2166 locis
1049 2088 1120 2165 sub
1136 2090 1267 2188 quibus
1283 2082 1371 2165 dicti
1386 2089 1701 2182 excommunicati,

315 2189 508 2287 eggrausti
534 2199 571 2263 et
586 2187 839 2290 Reuggrnnati
864 2189 1001 2268 luerint
1024 2201 1088 2265 ant
1106 2189 1253 2289 aliquis·
1266 2210 1391 2266 eornm
1415 2188 1528 2266 fuerit
1577 2189 1700 2266 enitns

206 2320 217 2327 ·
317 2276 657 2364 ministrentur'nisi
683 2291 890 2406 penitencia
923 2287 1114 2366 confessio
1147 2303 1185 2366 ct
1218 2289 1422 2388 baptismus
1454 2291 1547 2366 omni
1598 2289 1703 2364 sin-

316 2381 529 2463 diderenter
542 2385 773 2464 Ewkanstia
798 2387 947 2462 infirmis
973 2399 1107 2464 tanturn
1132 2399 1170 2462 et
1193 2388 1451 2463 matrimonium
1475 2391 1557 2463 aine
1572 2387 1700 2466 eccle-

315 2487 467 2563 siastica
492 2487 712 2564 solennitate
737 2485 987 2570 contrahetur,
1025 2483 1114 2562 inibi
1140 2499 1177 2562 et
1200 2486 1270 2563 sub
1297 2481 1444 2562 eisdem
1463 2485 1560 2563 locis
1585 2483 1701 2564 dcce-

319 2583 489 2662 dentibus
527 2587 790 2663 ecclesiastice
827 2586 1034 2686 denegetur
1071 2583 1263 2686 sepultura
1296 2586 1480 2665 Volumus
1511 2598 1629 2661 tumen
1662 2593 1703 2663 et

317 2683 416 2764 dicta
442 2690 660 2764 auctoritate
685 2685 890 2790 apostoliea
921 2685 1155 2762 decernimus
1188 2681 1286 2786 quod
1317 2680 1429 2762 dictis
1453 2685 1703 2763 excommnni-

317 2788 410 2863 catis
437 2783 667 2862 denuncietis
692 2787 907 2887 Qranutis
931 2797 969 2866 et
993 2784 1266 2886 Reaggrauatis
1292 2787 1409 2862 eciam
1433 2797 1518 2886 post
1544 2780 1700 2860 Biduum

318 2888 448 2964 eiectis
481 2885 743 2964 recedentibus
779 2884 841 2962 ncl
884 2883 1197 2962 satisfacientibus
1232 2908 1317 2961 mox
1359 2883 1482 2963 dinirra
1520 2885 1701 2962 reassumi

316 2987 460 3088 possint
486 2999 524 3062 et
548 2985 717 3079 valeant,
757 2985 1048 3062 Absolucionem
1082 3007 1175 3060 vero
1216 2985 1371 3062 omnium
1407 2999 1446 3062 et
1476 2984 1704 3081 singulorum

224 3129 226 3132 ·
317 3087 379 3190 qni
411 3084 576 3189 prelatas
610 3097 755 3161 nostras
787 3083 1010 3161 sentencias
1042 3096 1104 3161 eut
1138 3107 1262 3160 esrum
1295 3084 1452 3186 aliquam
1484 3085 1704 3161 incurrerint

171 3242 177 3248 .
317 3185 402 3298 siue
426 3187 620 3261 incurrerit
642 3181 893 3286 quoquomodo
910 3185 1017 3261 nobis
1039 3185 1102 3259 nel
1121 3186 1304 3286 superiori
1322 3198 1447 3260 nostro
1462 3181 1704 3259 tantummodo

319 3307 567 3361 resumamus.
592 3284 653 3360 lle
679 3289 912 3361 execuciune
936 3307 1029 3361 vero
1081 3285 1277 3359 resentium
1303 3295 1342 3359 et
1366 3283 1526 3382 quidque
1551 3285 1588 3357 in
1639 3301 1703 3355 re·

317 3385 443 3461 missis
469 3384 632 3504 decretis
657 3407 726 3460 nos
751 3385 927 3502 legittime
952 3309 1160 3460 carmiuare
1185 3382 1594 3500 curctissllenoryero
1612 3305 1705 3456 iite-

316 3480 1370 3686 utttttsltztct⁰.ttlttut⁹mincutit
1386 3487 1704 3679 {telesti

317 3682 354 3761 It
381 3687 534 3761 stetensi
553 3682 720 3761 Salutem
746 3693 783 3758 et
808 3681 1046 3784 apostolicam
1071 3680 1364 3757 benedictionem
1388 3679 1571 3779 Exposuit
1595 3677 1703 3754 nobis
1746 3731 1750 3739 ,

317 3707 480 3862 uniamus
503 3784 601 3859 lilius
627 3797 754 3860 noster
777 3795 905 3882 petrns
930 3781 1023 3856 tituli
1050 3783 1168 3856 sancti
1194 3780 1318 3855 vitalis
1344 3781 1543 3883 presbyter
1565 3772 1703 3855 Gurdi-

316 3883 410 3962 nalis
435 3886 496 3984 qni
527 3883 695 3960 ecclesie
720 3881 955 3982 Augustcnsi
979 3877 1045 3954 Μο
1075 3880 1276 3956 mutinensis
1309 3881 1500 3982 prouincia
1538 3901 1589 3954 ex
1616 3895 1707 3954 con·

256 4020 261 4031 ¹
318 3985 494 4062 cessione
520 3994 558 4060 ct
593 3983 654 4058 dis
680 3985 882 4060 eusuoiune
916 3905 1123 4082 apostofiee
1157 3973 1265 4055 sedis
1295 4001 1455 4080 preesse
1491 3977 1708 4068 dinoscitur,

318 4081 620 4184 quodJolrsnnes
647 4009 980 4158 desaenseuneim
1030 4091 1203 4181 receptor
1227 4083 1462 4182 preceptorie
1476 4079 1560 4154 siue
1575 4071 1707 4192 domus

318 4185 356 4260 in
379 4181 560 4285 Erlingen
585 4180 780 4286 hospitalis
805 4182 923 4262 sancti
946 4106 1130 4308 deisonis
1155 4178 1534 4258 ierosolimitanensis
1559 4188 1597 4253 et
1621 4196 1706 4276 qur·
