4209 5034
479 567 547 658 63
742 519 752 524 ι
997 563 1304 666 ΙΜθῐὶῑῑῐΰθῑὶίῦ
1419 605 1455 677 1:
1588 591 1596 607 ⁵

478 798 575 902 quod
602 795 698 872 inira
722 821 853 874 aurnum
887 799 1092 876 continuum
1115 755 1269 872 'munds
1299 791 1523 912 temporibus
1555 795 1593 872 in
1625 788 1839 878 mnte-

476 921 521 976 se
536 897 882 1017 iacintpromoucri,
906 898 997 974 Item
1012 894 1118 1070 quod
1141 895 1178 970 in
1204 892 1334 970 eadem
1356 913 1501 971 vicena
1524 891 1659 973 beben
1682 903 1720 972 et
1739 890 1841 970 nunt

478 995 722 1078 residenmam
747 996 977 1100 personalem

1037 995 1099 1072 oin
1122 1003 1161 1070 ct
1193 991 1326 1070 fraude
1350 996 1604 1078 cessantibus,
1643 993 1733 1070 lten
1755 986 1842 1092 quod
1986 974 1987 1061 ῗ

478 1095 610 1174 dictem
636 1098 809 1174 vicariam
842 1119 923 1174 eum
956 1115 1183 1194 quocumque
1208 1091 1287 1185 elio
1320 1091 1500 1170 beneficio
1536 1114 1607 1172 seu
1638 1091 1759 1168 officio
1780 1111 1844 1166 non
1986 1158 1987 1171 ,

476 1204 674 1298 permutet,
707 1219 778 1272 nen
802 1196 994 1272 renunciet
1025 1215 1146 1293 neque
1180 1193 1344 1290 resignet
1376 1212 1448 1267 nec
1483 1186 1534 1270 de
1569 1187 1701 1270 eadem
1732 1187 1843 1280 cedat,
1986 1210 1987 1259 r

474 1295 547 1371 nisi
563 1289 613 1370 de
629 1317 814 1372 consensu
840 1304 877 1370 et
901 1293 1087 1370 voluntate
1101 1287 1262 1392 Capituli
1275 1300 1401 1366 nostre
1424 1275 1640 1370 ecclesiast
1750 1287 1844 1366 eneis

472 1395 563 1471 ltern
585 1391 683 1493 quod
698 1390 840 1471 domum
855 1404 894 1470 et
918 1393 1055 1470 curiam
1080 1392 1116 1466 in
1131 1389 1382 1487 Straubingen
1405 1413 1474 1489 pro
1492 1392 1634 1468 meana
1676 1399 1844 1491 eputatau

475 1513 557 1572 oum
582 1495 662 1568 suis
688 1495 895 1572 attinenciis
919 1492 1115 1568 structuris
1140 1503 1178 1566 et
1198 1487 1369 1565 edeficiis
1392 1485 1443 1565 ad
1467 1490 1845 1590 vicariampretneta·

472 1589 1525 1865 libitiapii{tarditatibiiiiittr
1552 1590 1649 1766 lii
1662 1582 1848 1764 illidii

472 1783 676 1865 commissis
701 1789 764 1866 nul
780 1813 836 1864 am
870 1789 983 1866 faciat
1014 1789 1241 1865 locucionem
1274 1788 1345 1860 nisi
1370 1785 1571 1864 secundum
1597 1785 1778 1877 ordinem,
1813 1792 1846 1857 et
1986 1824 1987 1877 q

472 1897 608 1962 statuta
627 1887 709 1962 libri
736 1899 773 1964 et
790 1897 897 1989 prout
916 1886 1108 1986 bucusque
1123 1885 1192 1960 luit
1206 1895 1431 1976 consuetum,
1457 1909 1578 1986 neque
1591 1886 1846 1962 uiisuacionen
1986 1892 1987 1983 5

472 1987 555 2062 sine
582 1985 731 2086 capituli
756 1987 871 2064 nostri
897 1986 1053 2062 oonsilio
1077 1993 1115 2061 et
1137 2005 1299 2061 assensu
1332 1981 1498 2086 desuper
1523 1986 1701 2086 requisito
1725 1994 1764 2060 et
1784 1981 1845 2058 ub-
1986 1990 1987 2029 t

471 2094 572 2168 tento
597 2085 687 2160 Item
724 2083 821 2186 quod
855 2082 1018 2160 dominos
1050 2079 1100 2160 de
1126 2079 1299 2184 Capitulo
1332 2092 1529 2180 eteorum
1563 2085 1777 2161 seruientcs
1811 2089 1846 2157 et

347 2219 350 2228 ,
472 2185 652 2260 nunccios
676 2183 723 2262 ab
742 2186 800 2260 eis
824 2185 960 2260 missos
976 2183 1026 2260 ibi
1051 2184 1088 2258 in
1112 2185 1278 2282 negociis
1295 2176 1355 2260 Ga
1379 2183 1457 2260 ituli
1484 2185 1678 2260 venientes
1704 2184 1738 2258 si
1756 2178 1846 2258 iden

471 2277 606 2358 domini
632 2286 843 2360 seruientes
868 2283 932 2360 uel
958 2285 1082 2360 nuncii
1107 2282 1290 2360 voluerint
1313 2307 1337 2358 a
1393 2279 1600 2384 hospicium
1634 2281 1786 2381 colligat
1812 2287 1847 2356 ot

476 2383 649 2483 recipiet,
687 2396 724 2461 et
754 2385 812 2468 cis
853 2382 1022 2485 quamdiu
1056 2383 1117 2464 ibi
1139 2381 1275 2460 ineunt
1300 2404 1350 2458 ex
1377 2383 1480 2458 ensis
1512 2378 1719 2459 honorilice
1752 2381 1848 2455 iuxta

469 2495 602 2559 statum
626 2483 914 2584 uniuscuiusque
943 2483 1141 2587 prouideat
1162 2491 1288 2583 preter
1302 2408 1472 2582 palum·
1486 2503 1660 2600 equorum
1677 2492 1717 2559 et
1732 2481 1848 2555 viuum

471 2579 562 2656 ltem
582 2577 682 2680 quod
696 2587 818 2660 'omnia
839 2586 918 2660 iura
942 2595 980 2660 ct
1003 2584 1098 2661 bona
1193 2581 1272 2656 ituli
1289 2583 1395 2681 sique
1408 2581 1571 2657 invectat
1587 2579 1683 2657 male
1698 2579 1848 2658 alienata

469 2677 532 2755 nel
554 2678 732 2798 distracta
757 2703 825 2802 per⁰
850 2705 1098 2854 quoscunque
1123 2605 1192 2756 lull
1213 2680 1310 2755 ulios
1334 2678 1633 2780 qualitercunque
1646 2700 1719 2854 ppt
1732 2675 1846 2794 negli-

426 2866 430 2872 ’
468 2782 971 2980 iiiiiiiltltiiti
995 2778 1352 2968 tibitibi?
1374 2789 1848 2958 titubabit

471 2969 688 3050 inundantur
713 2977 773 3054 uel
808 2987 1051 3078 occupentur,
1089 2977 1183 3051 bona
1217 2969 1291 3052 tide
1318 2986 1356 3052 et
1378 2995 1564 3080 proposse
1588 2975 1704 3054 laniat
1729 2987 1768 3054 et
1788 2993 1847 3050 re·

471 3071 595 3162 sistat,
632 3074 721 3149 Item
757 3073 802 3152 Si
830 3071 1038 3178 Capitulum
1072 3075 1260 3172 continget
1292 3073 1431 3152 hebere
1463 3099 1599 3154 causas
1635 3076 1848 3177 questiones

468 3171 552 3248 siue
578 3171 664 3248 lites
690 3195 757 3274 pro
778 3174 889 3250 rebus
915 3171 1122 3248 redditibus
1146 3184 1209 3248 aut
1225 3176 1365 3251 iuribus
1382 3176 1471 3254 :suis
1484 3174 1618 3257 ibidem
1642 3179 1681 3252 in
1698 3169 1847 3252 sumen

471 3270 535 3346 uel
561 3283 668 3348 extra
693 3285 819 3348 eontra
844 3293 1027 3372 personas
1052 3294 1290 3371 quascunque
1316 3268 1415 3373 quod
1447 3278 1541 3350 istas
1565 3296 1703 3354 causas
1739 3293 1846 3374 ques·

470 3371 590 3488 tiques
615 3370 680 3446 uel
704 3371 790 3488 lites
814 3373 898 3472 ipse
913 3383 1157 3488 prosequatur
1181 3370 1337 3491 agendo·
1355 3385 1392 3448 et
1408 3370 1647 3492 defendendo
1663 3376 1748 3492 suis
1763 3391 1849 3473 pro·

466 3467 1846 3673 liiiio'‘iiiltitiitmiiitniil⁰ittiiii⁰iti0i't„⁰t

466 3663 557 3740 Item
592 3667 628 3740 si
652 3669 847 3785 contigerit
881 3665 963 3743 beri
1000 3667 1220 3746 discordiam
1252 3671 1480 3770 questionem
1513 3673 1597 3750 siue
1620 3672 1720 3760 litem
1755 3672 1847 3746 iuter

466 3763 664 3863 capitulum
690 3775 726 3864 et
751 3789 869 3867 rpsum
894 3765 955 3844 nel
981 3767 1077 3843 inter
1107 3770 1332 3869 prepositum
1367 3765 1417 3846 de
1441 3769 1666 3871 Straubinga
1691 3772 1754 3872 qui
1803 3787 1843 3844 ro

465 3867 628 3960 tempore
652 3861 775 3956 tuerit,
795 3876 839 3984 'et
863 3867 995 3976 ipsum..
1018 3888 1134 3968 super
1156 3868 1300 3986 iuribus
1325 3881 1363 3944 et
1382 3865 1656 3990 rebusibidcm
1671 3893 1777 4044 poan
1802 3881 1843 3942 oi

390 4051 392 4056 ¹
467 3976 613 4151 itit
628 3965 1591 4180 iiiiii”bibitor‘uiiidbltttt
1610 3968 1842 4169 ‘inoffi

466 4153 573 4235 modo
599 4155 797 4240 decimabit
820 4187 892 4241 neo
916 4163 1115 4267 appellabit
1140 4176 1177 4242 et
1210 4166 1363 4260 insuper
1387 4161 1595 4271 Capitulum
1629 4169 1840 4248 manimius

1976 3038 1986 3543 l
