4209 5034
731 529 998 640 episcopatus
1026 503 1286 647 Angusnm
1614 539 1723 630 m.

327 763 411 882 dorp
442 786 511 866 pro
544 761 645 842 dioto
671 762 817 844 domino
850 776 958 868 petro
992 787 1039 842 so
1073 766 1253 868 colimur
1286 762 1432 846 Ciuitas
1460 768 1525 847 ou
1684 775 1699 855 ’,
1778 697 1791 711 ⁶

327 861 403 944 tim
427 866 565 942 oiuitoti
593 861 778 942 htfridns
804 861 973 944 decenne
991 863 1172 946 &conici
1198 851 1382 967 totomqno
1406 868 1529 968 cupito
1571 895 1608 946 m
1627 895 1718 972 poo-
1879 853 1881 856 Α

329 962 464 1042 dictum
490 965 527 1040 in
553 987 693 1064 gemere
721 979 757 1042 ot
782 967 821 1042 in
845 967 978 1068 specie
1003 990 1048 1045 se
1075 967 1285 1066 obligarunt
1317 991 1362 1044 oc
1393 969 1509 1048 ιιὲειιιι
1539 969 1718 1067 obtimis

320 1059 432 1144 nodo
458 1079 495 1140 et
518 1063 640 1158 inrmn·
659 1077 767 1168 prout
793 1069 910 1144 omnio
936 1067 1147 1166 erslagon
1169 1065 1377 1148 iniuncti
1401 1069 1440 1144 in
1463 1067 1582 1150 litoris
1607 1071 1715 1171 sigit-

322 1167 411 1244 letis
436 1163 600 1266 doeuper
626 1166 809 1244 coniectis
834 1177 871 1244 et
895 1163 1028 1244 habitis
1052 1167 1201 1267 plenius
1226 1168 1468 1248 oontinentur.
1494 1170 1579 1262 Qne
1599 1173 1716 1254 orode

323 1267 426 1344 lecto
451 1273 534 1342 cnut
568 1263 616 1342 od
648 1265 939 1367 preueoieodnm
973 1269 1137 1370 perionis
1174 1281 1212 1345 et
1244 1264 1400 1370 dompne
1433 1269 1573 1349 utere
1604 1283 1714 1370 etque

323 1367 410 1444 lites
450 1363 707 1441 discensiones
745 1389 918 1467 gwerras
954 1369 1116 1445 isotnres
1151 1377 1189 1444 et
1214 1365 1496 1448 destrnooinoes
1520 1370 1716 1453 ineniieiti·

322 1466 383 1544 les
409 1463 667 1566 preceneudus
677 1465 839 1542 Necnon
864 1467 1003 1545 Bonum
1019 1490 1207 1564 porqmnne
1221 1491 1349 1567 pecem
1366 1479 1405 1544 et
1418 1468 1714 1569 treoqnillitsten

326 1566 481 1642 vionius
511 1564 779 1664 procurandum
815 1577 883 1642 tem
918 1567 1087 1646 ecclesie
1116 1581 1155 1644 et
1185 1564 1360 1666 capitulo
1393 1563 1576 1670 predictis
1606 1591 1711 1669 quem

287 1713 294 1725 ·
325 1667 442 1743 enam
467 1665 636 1742 omnibns
662 1667 732 1741 eis.
759 1661 852 1742 Cum
877 1680 937 1743 eut
962 1667 1222 1746 irmeiomoite
1248 1666 1347 1746 foret
1371 1689 1573 1768 quemquem
1598 1692 1714 1749 ceno-
1835 1670 1838 1677 ’

232 1804 236 1809 ·
323 1767 446 1842 wem
470 1774 535 1842 cot
572 1759 673 1842 uliud
698 1767 892 1845 membrum
920 1767 1020 1844 dicte
1047 1767 1213 1846 ecclesio
1238 1769 1276 1844 in
1301 1789 1347 1844 se
1371 1769 1452 1844 suis
1469 1765 1628 1848 subditis
1641 1789 1715 1849 sou

323 1867 430 1942 bonis
465 1869 550 1942 eius
573 1862 809 1944 hereditariis
842 1878 905 1946 out
937 1865 1218 1946 oeconomicus
1249 1867 1528 1967 quibuscunque
1561 1879 1599 1944 et
1621 1893 1714 1969 que·

322 1965 564 2066 litoreamque
605 1967 796 2043 nominetis
865 1969 1056 2067 regrederi
1098 1963 1268 2086 inpediri
1307 1968 1440 2046 veneri
1472 1989 1544 2045 seu
1581 1971 1712 2068 quouis

323 2063 431 2142 nodo
457 2066 642 2142 molestari
669 2067 730 2142 nel
754 2068 791 2142 in
844 2091 1008 2169 empnnm
1029 2091 1158 2147 roeerr
1180 2061 1409 2168 judicialiter
1433 2066 1494 2144 uei
1514 2079 1624 2147 extro
1642 2072 1710 2246 pn·

322 2164 507 2242 diciditer
532 2161 867 2268 quomodocumque
894 2167 965 2245 hoo
991 2182 1095 2246 esset
1121 2169 1381 2270 premissorum
1415 2169 1618 2246 occasione
1664 2166 1711 2244 d-

322 2267 426 2342 eirco
452 2267 695 2368 prenominati
715 2263 899 2367 gotfridus
926 2267 1092 2346 deoonos
1107 2278 1292 2367 totumque
1309 2265 1508 2368 eopitulnm
1525 2291 1546 2345 r

322 2377 457 2442 uerum
479 2383 517 2442 et
536 2366 682 2468 publice
699 2367 962 2444 confitebuntur
979 2371 1196 2444 ruenimiter
1211 2366 1312 2444 nullo
1334 2289 1710 2468 diwrepeutffi

321 2467 360 2541 in
388 2490 503 2542 causo
527 2465 625 2567 quod
649 2465 744 2542 obsit
767 2490 838 2568 qno
864 2467 997 2566 eliqois
1017 2466 1185 2570 prelatos
1208 2467 1411 2544 cononicus
1432 2477 1496 2544 eet
1512 2466 1709 2547 menlrmn

322 2564 423 2642 dicte
450 2565 618 2643 ecclesie
642 2578 794 2670 propter
818 2567 1001 2668 premisso
1033 2579 1072 2643 ut
1101 2565 1287 2668 prefertur
1313 2566 1445 2664 quouis
1471 2563 1580 2641 modo
1605 2562 1708 2644 tom-

320 2665 533 2744 niliosretnr
556 2677 870 2768 quantumcunque
896 2665 968 2744 hoo
994 2676 1099 2746 osset
1123 2663 1333 2744 iniucurodi
1358 2661 1615 2745 nichilominus
1640 2665 1709 2743 oi·

317 2763 521 2866 ligeoiouis
549 2767 669 2845 literis
701 2767 738 2841 iu
761 2791 834 2844 soo
854 2768 987 2866 vigore
1010 2767 1305 2872 permenonibus
1324 2763 1530 2845 huiusmodi

320 2865 443 2943 eidem
470 2865 671 2944 refundere
697 2879 734 2944 et
761 2867 946 2950 reserdro
979 2878 1125 2944 tenetur
1151 2865 1316 2946 totaliter·
1335 2861 1472 2944 dictum
1498 2859 1635 2965 Copitu
1674 2888 1708 2944 m

321 2977 359 3042 et
382 2962 541 3044 eundem
578 2991 625 3043 oo
658 2963 812 3044 enodem
846 2969 992 3069 ponitus
1025 2967 1074 3045 de
1108 2981 1145 3044 et
1171 2993 1218 3044 sn
1244 2991 1287 3044 er
1311 2959 1709 3046 immmodiretdeee

318 3064 515 3170 indemptus
549 3068 644 3142 omni
678 3065 812 3142 fronde
845 3080 882 3144 et
909 3065 996 3145 doio
1022 3070 1173 3146 semotis
1237 3070 1367 3146 ivero
1390 3068 1474 3142 iure
1499 3063 1709 3145 serciendis

322 3159 491 3268 dempnis
517 3178 553 3242 ct
578 3168 724 3267 injuriis
748 3163 928 3268 predictis
953 3169 1148 3272 capitulum
1174 3167 1346 3268 negliens
1377 3165 1475 3244 iuret
1506 3175 1595 3242 tuno
1616 3188 1706 3265 pos·

321 3289 390 3341 cns
415 3281 454 3342 et
479 3269 591 3366 pessi.
608 3269 773 3366 injurient
798 3290 868 3344 sen
895 3266 1049 3370 deotpue
1075 3269 1147 3369 ipsi
1173 3282 1359 3344 eteorum
1390 3259 1554 3340 herodes
1577 3276 1708 3365 peiore

372 3370 466 3444 ssint
488 3373 577 3468 jure
602 3361 751 3444 edicto
777 3362 950 3469 capitulo
984 3369 1047 3444 Ao
1079 3369 1197 3444 eciem
1222 3366 1372 3468 proprie
1395 3364 1613 3441 eoctoritote
1638 3385 1707 3438 re·

336 3480 398 3544 eet
424 3479 461 3542 et
485 3468 633 3544 valeant
655 3464 836 3543 irteadore
869 3469 1040 3570 recipere
1074 3479 1265 3544 arrestere
1299 3459 1478 3566 impedire
1503 3459 1708 3562 precisum

320 3565 519 3742 ltettpiplulnm
547 3580 584 3642 et
609 3568 728 3686 ipsius
754 3567 848 3644 bons
872 3565 1116 3742 sinpdlluerint
1140 3561 1708 3762 υοὴῦῑῖιιέἰὲθωὶἇὶιθιοιζίὲὶἕθζιίἐῖ

336 3691 381 3741 oo
433 3689 533 3742 omos
559 3689 683 3743 corros
709 3689 846 3742 censos
881 3690 922 3741 rc
977 3693 1048 3742 tus
1082 3691 1153 3762 seu
1187 3689 1284 3767 quer
1325 3689 1389 3739 ro

322 3789 393 3843 seu
418 3767 650 3868 appellentur
674 3765 759 3842 Nec
785 3769 821 3841 in
846 3763 918 3842 hoc
944 3778 1077 3868 peccet
1102 3790 1173 3844 seu
1198 3776 1354 3866 peccent
1380 3771 1508 3840 contro
1525 3755 1705 3838 obedien·
1864 3797 1870 3808 ·

257 3883 261 3894 ¹
321 3867 414 3942 cium
440 3877 573 3941 statuta
597 3889 667 3943 sco
694 3861 983 3942 consuetudines
1008 3861 1165 3968 predicti
1180 3865 1330 3956 capituli
1349 3861 1530 3964 Episcopi
1550 3873 1705 3960 august·

324 3967 426 4042 ensis
460 3988 556 4066 pope
587 3989 657 4042 seu
690 3960 869 4044 mendatis
909 3989 1034 4041 eornm
1067 3989 1138 4042 seo
1172 3984 1467 4066 quorumcunque
1502 3961 1620 4064 princi
1647 3985 1706 4036 om

322 4064 663 4142 ecclesiasticorum
688 4067 771 4141 sine
796 4066 1044 4168 temporalium
1070 4067 1161 4142 ltem
1186 4059 1285 4166 qnod
1311 4074 1462 4182 propter
1487 4060 1589 4138 nullo
1621 4071 1734 4137 ecto.

323 4175 434 4264 geste
457 4187 528 4242 sen
554 4167 709 4264 negocio
744 4165 1055 4266 qualitercumque
1088 4188 1159 4268 per
1191 4186 1406 4242 oonomoom
1439 4183 1508 4237 seo
1541 4161 1708 4239 ecclesie

1232 4263 1465 4402 ‘ssus
