4209 5034
481 541 582 644 css
1029 497 1338 672 neronom,
1438 578 1443 592 ·

478 761 701 874 aliquotiens
733 770 914 870 requtsitc
944 764 1152 860 immundi
1185 761 1351 869 decimss
1387 764 1535 858 domium
1571 764 1688 844 actori
1713 763 1859 845 dorset

479 877 676 972 assignare
701 870 884 950 hactenus
907 870 1095 949 recusauit
1131 890 1177 946 ee
1208 861 1323 942 hodie
1347 878 1512 969 ,recusat
1530 867 1568 942 in
1592 886 1709 966 graue
1734 856 1860 942 domim

481 975 619 1064 actoris
644 983 681 1053 et
706 971 873 1048 ecclesie
898 965 1149 1070 preiudicium,
1164 967 1391 1068 proprieque
1416 965 1548 1047 salutis
1575 963 1804 1068 dispendium
1827 974 1861 1040 et

479 1075 684 1158 ducturum⁴
728 1071 819 1148 Item
842 1069 942 1170 pouit
967 1077 1010 1142 et.
1036 1065 1127 1145 dicit
1148 1079 1367 1168 procuratos
1391 1062 1559 1170 prefatus
1584 1063 1684 1166 quod
1709 1063 1758 1142 de
1781 1086 1861 1168 pre÷

480 1174 608 1262 missis
630 1169 794 1266 omnibus
817 1167 888 1244 suit
913 1177 950 1244 et
976 1178 1035 1242 est
1060 1165 1209 1270 publica
1232 1191 1311 1256 uox
1335 1177 1446 1265 atque
1471 1166 1578 1242 inme
1629 1164 1756 1258 Quare
1780 1188 1864 1245 oon·

482 1274 572 1362 stite,
594 1270 650 1346 de·
667 1265 1220 1372 premissisqusntumssfficit
1244 1265 1338 1368 petit
1361 1263 1484 1342 dictus
1511 1273 1744 1368 procurator.
1763 1275 1799 1340 et
1821 1286 1864 1341 eo

482 1371 625 1451 mnino
652 1369 907 1471 procuratorio
934 1359 1024 1443 dicti
1049 1361 1184 1444 domini
1205 1362 1344 1442 actoris
1359 1388 1428 1468 pen
1444 1380 1593 1444 vestras
1610 1363 1866 1458 dominationes

481 1471 710 1570 pronuntiari
737 1463 890 1546 decerni
916 1477 954 1544 et
979 1461 1166 1544 declarari
1192 1459 1354 1544 decimes
1379 1466 1577 1544 uniuersas
1609 1473 1681 1542 tom
1715 1465 1867 1541 comunes

484 1591 592 1668 qoem
615 1570 776 1648 mitiores
802 1593 853 1664 ex
867 1562 970 1646 etde
994 1566 1093 1643 dicta
1118 1564 1222 1644 'curia
1241 1563 1399 1665 singulis
1423 1569 1527 1642 amnis
1542 1557 1869 1683 prouenientesnd

485 1670 607 1769 ipsum
633 1667 812 1744 dominum
838 1676 1000 1744 actorem
1025 1676 1192 1766 tanquam
1225 1686 1353 1742 verum
1385 1673 1424 1768 et
1447 1663 1647 1766 legionum
1684 1663 1786 1740 dicte
1810 1685 1869 1738 eor

484 1762 876 1867 ¹olesie'plelmnumec
892 1763 1049 1841 eundern
1060 1765 1257 1842 ecclesiam
1272 1789 1378 1842 suem
1393 1790 1414 1842 s
1442 1778 1590 1844 ectosse
1604 1775 1642 1842 et
1652 1762 1872 1866 pertinuisse

480 1878 736 1965 spectatoque
752 1878 793 1942 et
805 1867 991 1966 pertinere
1014 1861 1222 1942 huiusmodi
1238 1887 1383 1964 quoque
1405 1789 1567 1940 decimas
1591 1861 1736 1940 domino
1762 1860 1871 1938 sotori

130 1981 131 2001 ¹
248 2041 260 2056 ,
361 2053 365 2062 p
481 1977 526 2042 et
549 1957 718 2040 ecclesie
742 1987 812 2040 sue
838 1972 1033 2039 memorate
1063 1957 1332 2040 adiudicandos
1366 1973 1478 2064 etque
1509 1961 1799 2042 autumari-ac
1829 1960 1870 2036 olr

453 2125 456 2136 .
485 2063 527 2138 id
551 2063 667 2164 ipson]
680 2063 798 2140 Ream
823 2063 871 2140 cd
898 2061 1116 2140 soluendum
1139 2057 1304 2138 decimos
1329 2061 1699 2162 huiusmodiinantea
1722 2083 1872 2139 vueeotn

484 2161 857 2263 decimismeglectis
882 2172 919 2238 et
943 2164 1138 2263 presertim
1162 2157 1233 2238 ltiis
1258 2185 1330 2262 qne
1355 2189 1378 2240 a
1402 2174 1565 2265 tempore
1586 2174 1681 2242 mote
1700 2163 1778 2238 litis
1791 2183 1872 2264 pro-

481 2263 660 2340 uenerint
682 2264 775 2340 iuris
801 2259 976 2340 remediis
995 2285 1074 2338 com
1101 2259 1283 2341 ellendom
1300 2273 1410 2362 atque
1428 2261 1597 2366 compelli
1612 2263 1874 2368 oppositionem

486 2385 593 2465 quens
609 2362 895 2440 molestationem
916 2373 985 2440 etc·
1019 2360 1050 2440 S
1090 2385 1137 2437 uo
1164 2357 1286 2438 eidem
1310 2361 1455 2440 domino
1480 2363 1598 2440 actori
1622 2365 1661 2439 in
1682 2360 1872 2464 premissis

363 2497 372 2512 ι
490 2461 581 2536 iure·
596 2457 759 2543 addendi
786 2456 945 2538 mutendi
977 2459 1164 2538 minuendi
1189 2473 1260 2539 etc.
1312 2461 1599 2564 Quibusquidem
1626 2461 1872 2566 positionibus

489 2570 529 2636 et
552 2559 719 2641 articulis
752 2563 884 2638 oblatis
917 2584 986 2661 per
1010 2551 1170 2664 Nosque
1202 2558 1377 2638 admissis
1413 2585 1465 2664 ex
1500 2557 1662 2638 aduerso
1696 2587 1715 2638 r
1790 2581 1873 2638 cusu

481 2670 527 2736 ct
551 2663 667 2738 certis
692 2663 846 2738 testibus
879 2678 948 2761 pto
980 2673 1085 2763 perte
1117 2663 1256 2738 actoris
1279 2685 1400 2738 curem
1432 2673 1535 2740 certo
1569 2674 1694 2740 nostro
1720 2688 1746 2738 e
1810 2657 1874 2736 lroc

480 2755 665 2860 deputato
690 2762 940 2850 commissario
966 2755 1158 2862 productis
1181 2763 1311 2837 iuratis
1336 2763 1501 2862 receptis
1530 2753 1706 2854 edmissis
1731 2772 1772 2838 et
1796 2757 1874 2837 dili·

347 2883 361 2897 ·’
481 2869 621 2955 ,genter
646 2863 863 2936 examinatis
888 2859 938 2935 Et
964 2857 1108 2936 tandem
1133 2861 1296 2937 seruatis
1314 2861 1513 2938 seruandus
1537 2885 1658 2964 usque
1684 2857 1734 2938 ed
1760 2861 1873 2964 ipsius

482 2977 606 3046 ⁴course
628 2960 902 3035 conclusionem
927 2959 1111 3034 inclusiue
1136 2959 1300 3058 legitime
1317 2984 1499 3064 processo
1524 2985 1594 3040 nos
1619 2957 1873 3039 tuncJudices

483 3056 584 3132 slsis
609 3059 704 3134 sctis
731 3068 768 3132 et
792 3057 951 3152 actitatis
976 3058 1163 3156 presentis
1188 3082 1306 3138 cause
1332 3084 1377 3137 ac
1397 3063 1541 3138 testium
1567 3059 1677 3138 dictis
1697 3075 1737 3140 et
1762 3057 1874 3160 depo·
1976 3070 1977 3089 ¹

451 3155 692 3234 -.sicionibus
717 3151 918 3255 diligenter
942 3165 1102 3232 n‘nstrenr
1126 3159 1327 3262 inscriptis
1349 3160 1499 3238 tulimus
1516 3172 1554 3238 et
1570 3161 1872 3262 promulgcniums

491 3251 719 3346 diffinitiuam
744 3255 969 3332 sentenciam
994 3253 1202 3354 huiusmodi
1229 3262 1299 3336 sub
1327 3271 1453 3338 tencre
1480 3259 1622 3337 Christi
1646 3263 1792 3338 nomine
1813 3257 1872 3334 In·

399 3419 412 3432 ,
481 3363 634 3442 uocato
650 3381 717 3458 pro
743 3355 912 3432 tribunali
946 3349 1126 3434 sedentes
1158 3368 1196 3434 et
1219 3355 1340 3436 solum
1373 3357 1481 3440 deum
1502 3383 1571 3463 pre
1597 3360 1718 3438 oculis
1740 3357 1871 3436 haben-

481 3461 549 3531 tes
575 3449 634 3532 de
648 3456 937 3557 iurisperitorum
960 3457 1116 3534 ocrisilio
1141 3467 1180 3533 et
1204 3482 1364 3536 assensu
1386 3485 1456 3562 per
1480 3459 1577 3538 hanc
1594 3473 1754 3538 nostram
1779 3455 1871 3532 tim

482 3554 635 3630 nitimur
650 3556 863 3632 seutentiam
882 3576 986 3655 quem
1006 3557 1042 3630 in
1067 3553 1142 3632 hiis
1159 3561 1310 3658 seriptis
1328 3559 1481 3638 serimus
1504 3561 1737 3638 decernimus
1751 3579 1869 3640 omues

490 3661 529 3727 et
552 3655 720 3751 singulos
746 3653 910 3732 decimos
936 3659 1096 3732 maiores
1121 3669 1160 3732 et
1184 3661 1344 3736 minores
1370 3683 1421 3736 ex
1447 3673 1484 3736 et
1504 3659 1554 3738 de
1579 3663 1685 3738 curin
1708 3653 1870 3778 bopponi

404 3805 413 3816 .
489 3750 530 3824 in
552 3755 720 3830 articulis
750 3754 976 3857 specificatis
1010 3758 1276 3857 prouenientes
1310 3783 1378 3859 per
1407 3758 1667 3840 venerabilem
1698 3759 1868 3838 domorum

492 3847 769 3950 Georgiumde
788 3853 1023 3955 Schomlrerg
1039 3851 1266 3936 Catronicum
1291 3860 1459 3937 ecclesie
1485 3861 1723 3961 augustensis
1745 3868 1782 3934 et
1805 3877 1867 3932 ee·

491 3947 644 4026 elesinm
669 3977 771 4032 suam
795 3955 1061 4055 parrochialem
1085 3958 1123 4030 in
1142 3956 1371 4058 Gunczburg
1395 3959 1537 4036 ratione
1562 3960 1729 4038 ecclesie
1752 3954 1867 4032 lilialis

489 4047 666 4128 Anhofen
691 4069 887 4157 spectasse
921 4067 958 4134 et
990 4058 1224 4158 pertinuisse⁸
1251 4070 1500 4162 spectatoque
1534 4072 1573 4136 et
1603 4061 1787 4162 pertinere
1819 4051 1865 4128 de
1974 4062 1975 4105 t

489 4149 585 4228 June
620 4153 732 4256 Ipsos
769 4156 931 4236 decimos
968 4156 1111 4278 prelato
1147 4153 1290 4236 domino
1323 4160 1490 4261 Georgio
1526 4169 1565 4238 et
1596 4183 1674 4238 sue
1709 4153 1864 4235 ecclesie
