4209 5034
289 2006 293 2026 ’
388 2005 459 2060 seu
480 2001 732 2058 successores
748 1989 896 2057 nostros
918 1978 1198 2058 sssommeudus
1222 1984 1271 2058 sit

626 591 628 598 ·
730 617 732 622 ,
804 549 1074 660 episoqrsbm
1098 552 1357 671 Augustani.
1410 573 1416 583 ·
1663 550 1768 640 20?

381 779 664 870 ssiuendotuurr
688 791 797 884 proed
820 805 889 861 uos
912 793 951 859 et
965 803 1043 858 eos
1066 794 1197 861 tenure
1207 787 1432 888 presentium
1448 785 1498 863 sti
1509 783 1548 861 id
1558 785 1769 890 obligatus

382 896 425 961 et
448 885 681 982 astringimus
702 881 939 962 duodecimus
958 894 999 960 et
1024 881 1241 978 domuimus,
1266 901 1408 962 necnon
1424 887 1636 964 meboriirus
1661 882 1769 970 modo

382 987 446 1061 eis
471 993 510 1062 et
533 985 614 1058 iure
639 984 772 1084 quibes
796 985 926 1060 meiius
951 986 1134 1086 potuimus
1167 999 1205 1060 et
1230 985 1421 1062 debuimus
1443 987 1578 1065 vAitsre
1603 983 1648 1065 8.
1673 985 1770 1064 Vtc-

382 1087 477 1160 toris
493 1095 562 1160 etc
588 1083 625 1157 io
643 1082 787 1185 prefate
803 1093 928 1158 nostre
954 1083 1123 1160 ecclesis
1136 1085 1198 1159 As
1288 1089 1369 1161 ensi
1394 1089 1502 1161 situm
1527 1109 1597 1188 per
1616 1087 1771 1164 liberem

385 1185 669 1304 resignationem
695 1181 822 1302 diiecti
848 1183 957 1304 uobis
979 1185 1015 1258 iu
1040 1182 1179 1302 cbristo
1237 1184 1458 1288 bristopitori
1473 1187 1578 1263 flerb
1603 1185 1771 1263 eiusdem

385 1285 495 1362 ritrurr
520 1305 768 1384 possessoris,
794 1304 862 1386 per
886 1307 1005 1384 rpstus
1028 1281 1243 1382 legittimum
1268 1298 1540 1386 procuratorem
1555 1290 1591 1361 iu
1607 1287 1773 1362 manibus

387 1385 523 1460 uostris
547 1393 678 1556 sponte
703 1381 835 1460 iuctsrn
861 1393 899 1459 et
921 1404 991 1484 per
1016 1406 1086 1459 nos
1111 1382 1306 1460 sdnrissurn
1333 1388 1436 1462 cuius
1455 1386 1606 1462 coiistio
1630 1398 1669 1463 ot
1693 1408 1773 1463 om-
1886 1461 1890 1468 ,
1950 1446 1954 1459 .

387 1481 533 1560 nimodu
583 1481 752 1584 ispcsitio
789 1481 838 1556 sd
864 1505 932 1557 uos
957 1482 1070 1583 piene
1101 1487 1257 1585 pertinet
1289 1485 1383 1561 Jure
1416 1507 1500 1562 cunr
1538 1486 1705 1562 omuibus
1736 1498 1774 1562 et

387 1583 544 1681 singuiis
561 1580 753 1672 fructibus,
778 1575 986 1660 redditibus
1012 1599 1049 1657 et
1073 1585 1313 1683 prodentibus
1337 1607 1385 1662 ec
1408 1585 1550 1661 iuribus
1570 1597 1608 1661 et
1632 1585 1776 1662 obuen-

387 1683 547 1760 tiouibus
572 1681 774 1758 Vniuersis
811 1675 913 1800 dicto
942 1679 1072 1800 offitio·
1090 1684 1273 1759 rniuinus
1305 1685 1548 1761 annexuimus
1582 1695 1621 1760 et
1651 1685 1776 1760 iucor-

388 1785 605 1885 pendimus,
631 1789 736 1884 prout
759 1803 903 1856 vnlmtts
927 1792 1155 1858 euuectrmus
1178 1793 1218 1861 et
1250 1785 1527 1889 incorporamus
1552 1785 1777 1885 presentium

388 1905 458 1986 per
480 1893 654 1960 tenorem.
703 1879 965 1958 Decerueutes
989 1882 1143 1984 iusuper
1165 1881 1264 1984 quod
1296 1883 1588 2059 penitencisrius
1612 1905 1683 1986 per
1705 1905 1808 2002 nos.

309 2131 315 2138 -
386 2083 426 2160 iu
451 2077 582 2160 eedem
605 2079 782 2158 iorrmtus
805 2080 871 2158 rei
904 2081 998 2160 diss
1028 2080 1229 2159 suitiuieuti
1251 1980 1779 2160 litteorbbbrrembdwfflffi

389 2181 547 2303 oiiiciupr
573 2175 823 2302 exercendum
845 2179 1016 2284 preditus
1047 2181 1109 2299 vir
1141 2182 1238 2261 boue
1261 2181 1370 2263 famis
1392 2195 1434 2260 et
1465 2179 1664 2260 leudobiiis
1688 2204 1781 2256 cou-

392 2293 625 2402 uersetpours
640 2304 713 2402 ‘qur
739 2289 945 2356 nostrorum
968 2275 1197 2398 subditorum
1223 2282 1292 2357 sibi
1317 2279 1485 2361 eoudteri
1508 2281 1717 2360 debentium
1741 2291 1781 2356 et

389 2383 589 2460 volentium
613 2399 698 2456 vice
724 2388 851 2454 nostre
876 2377 1136 2456 consessiones
1160 2379 1307 2475 audire,
1339 2381 1568 2484 peniteueiss
1593 2377 1781 2459 sdutsrm

385 2505 459 2658 pro
485 2478 594 2559 rnodo
618 2475 808 2582 culparum
831 2477 1026 2578 iniungere
1048 2489 1098 2553 -et
1131 2480 1309 2580 quociens
1343 2479 1450 2558 uobis
1482 2477 1627 2558 iuterim
1659 2479 1780 2561 visun

409 2584 503 2660 uerit
525 2581 561 2658 in
593 2579 743 2658 ciuitate
769 2587 806 2654 et
831 2572 986 2656 diocese
1020 2578 1157 2653 nostris
1189 2577 1387 2682 predicere
1411 2598 1458 2658 cc
1482 2579 1625 2657 ciorum
1648 2587 1687 2654 et
1710 2599 1782 2682 po-

391 2681 515 2786 pulum
541 2679 768 2784 geuersiiter
792 2699 863 2754 seu
895 2675 1112 2782 specialiter
1144 2689 1252 2780 prout
1286 2681 1323 2756 in
1357 2679 1563 2757 commissis
1594 2677 1783 2780 receperit

393 2783 558 2860 visituro·
608 2775 768 2864 Necnon
794 2777 910 2855 altare
944 2776 1148 2884 predictum
1180 2781 1283 2856 iuxta
1315 2781 1436 2856 isius
1471 2771 1720 2855 fundetiouem
1744 2777 1783 2857 iu

281 2904 283 2908 ·
395 2877 531 2960 diuinis
555 2877 756 2986 prouidere
781 2877 947 2982 iiiudque
972 2891 1009 2956 et
1034 2875 1106 2955 ciis
1129 2876 1259 2956 iecere
1284 2806 1420 2960 debeat
1457 2889 1494 2956 et
1518 2889 1785 2996 teneaturque

396 2981 556 3062 officium
589 2973 792 3086 predictum
826 2973 1067 3082 quouisrnodo
1094 2989 1323 3067 coucerusnt·
1377 2979 1461 3074 Quo
1500 2974 1647 3082 quiden
1705 2999 1786 3054 eur·

396 3083 573 3162 tenuiorio
627 3079 797 3184 rescripti
822 3101 960 3157 census
994 3073 1166 3156 redditus
1197 3094 1235 3157 et
1285 3093 1461 3158 rodentes
1494 3077 1634 3158 cedere
1667 3001 1787 3156 ‹bebe-

396 3183 486 3261 buut
511 3187 548 3282 et
573 3104 750 3258 obuenire
775 3177 1015 3281 prohibentes
1041 3193 1160 3256 tenreu
1179 3105 1336 3257 eundern
1362 3179 1620 3280 nequicquam
1645 3175 1787 3257 mdccc

399 3281 649 3362 consessionis
675 3279 712 3358 ei
730 3277 836 3356 'iscte
862 3291 900 3357 et
924 3277 1061 3356 ceduis
1087 3282 1359 3380 recognitionis·
1376 3278 1540 3379 desuper
1565 3273 1688 3356 dando
1705 3277 1789 3354 eri·

427 3377 523 3459 endo
541 3381 695 3486 recipiet
721 3435 729 3454 .
756 3425 765 3444 ·
792 3435 802 3456 .
827 3427 837 3448 .
863 3374 961 3480 quod
987 3379 1023 3455 ei
1043 3389 1175 3480 sponte
1201 3377 1408 3456 deuotionis
1422 3401 1493 3456 seu
1508 3375 1657 3480 pietatis
1673 3395 1790 3452 censs

427 3489 575 3576 ornetur,
615 3501 767 3583 querum
800 3478 1018 3556 exectiones
1051 3475 1258 3556 huiusmodi
1293 3477 1390 3556 sdeo
1424 3474 1665 3556 detestabiles
1696 3474 1791 3555 iuris

428 3581 553 3659 eueris
569 3577 814 3682 prohibitione
840 3577 949 3655 uobis
964 3578 1050 3655 vise
1076 3591 1172 3670 sunt,
1198 3589 1237 3654 rt
1262 3577 1400 3654 exinde
1426 3575 1509 3655 moti
1535 3575 1791 3678 offitiumpre·

396 3606 537 3760 bretun
554 3679 661 3758 bonis
677 3691 714 3758 et
738 3676 942 3756 redditibus
967 3679 1188 3782 prescriptis
1214 3677 1462 3756 dotcueriuus
1484 3673 1532 3752 de
1554 3673 1685 3779 quibus
1700 3695 1792 3750 cou-

402 3803 530 3889 gruum
556 3779 706 3883 quilibet
731 3779 1076 3884 penitenoinrioruut
1102 3779 1221 3881 possit
1244 3777 1382 3856 bebere
1407 3776 1709 3854 sustentetiooeut
1724 3769 1794 3855 ΙΙ·

266 3970 275 3986 ,
402 3903 520 3992 super
545 3879 735 3959 statuimus
762 3889 799 3954 et
815 3869 1050 3958 deceruimus
1069 3875 1166 3978 quod
1189 3877 1475 3982 penitencierius
1493 3877 1551 3953 sio
1567 3895 1794 3954 assummu-

404 3981 476 4058 dos
494 4003 572 4086 ,per
597 4002 665 4056 nos
681 3989 719 4055 et
743 3999 990 4056 successores
1016 3989 1164 4052 nostros
1188 3973 1370 4062 adnutum
1388 3977 1433 4056 nb
1454 3972 1660 4056 huiusmodi
1679 3971 1796 4052 offitio

403 4081 549 4160 eteius
575 4075 804 4158 exercitione
829 4075 1026 4154 smmoueri
1047 4077 1170 4181 possit
1193 4089 1232 4155 ot
1255 4077 1380 4156 veiost
1406 4087 1444 4154 ot
1464 4099 1560 4154 esse
1583 4069 1796 4153 smmouibi·

397 4179 466 4276 iis,
492 4178 698 4281 dictumque
717 4175 932 4257 benefitium
956 4198 1027 4254 seu
1052 4175 1170 4254 nitere
1194 4199 1264 4280 per
1282 4176 1569 4282 penitencisrios
1586 4175 1646 4251 sic
1663 4191 1798 4248 emurc-

1364 4289 1467 4416 ³⁴3*
