4209 5034
725 583 1000 693 episcopatus.
1032 523 1288 699 augustant
1344 629 1351 650 =
1618 580 1686 675 88

306 747 481 904 cundo,
504 809 811 909 uicti-‘dominus
843 823 971 896 nostor
993 813 1113 892 Josus
1139 813 1351 896 christani
1422 818 1452 890 a'
1474 813 1524 902 ad
1558 823 1724 896 annom
1873 803 1880 816 ’

306 909 430 1010 pratris
455 909 624 1006 ecclosm
647 915 822 1013 grentam
846 909 1029 1016 iidemque
1054 913 1270 993 ostbolioau
1295 937 1336 990 re
1365 935 1490 992 ucere
1505 915 1688 1014 dignetur,

306 1027 354 1110 oe
380 1011 439 1086 eis
471 1014 506 1086 io
531 1009 596 1089 tali
619 1016 865 1114 peruersitate
890 1011 974 1090 dies
992 1037 1118 1092 eoram
1151 1015 1254 1096 finire
1292 1017 1473 1116 permittat
1500 1011 1594 1092 Com
1619 1016 1689 1096 de·

306 1114 520 1204 portacione
535 1109 781 1214 Responsorii
794 1114 1027 1194 Reuolsbunt
1044 1114 1118 1194 oeli
1142 1113 1471 1216 iniquitatemlode
1496 1127 1534 1193 et
1558 1115 1689 1216 pssimi
1817 1193 1825 1214 ,

306 1205 401 1300 deus
426 1209 572 1288 laudem
596 1235 711 1292 meam
737 1237 785 1290 oe
810 1218 972 1296 moueris
998 1227 1082 1307 etc,
1109 1210 1204 1294 Cum
1220 1213 1429 1315 Antipboua
1452 1213 1588 1291 Medio
1612 1217 1690 1292 uita
1740 1251 1745 1258 ·

156 1315 161 1322 '
304 1307 464 1410 totaliter
487 1308 537 1386 Et
570 1309 642 1389 biis
675 1311 870 1392 initiand
908 1317 1039 1393 ianuas
1073 1316 1317 1395 ecclesiarum
1353 1337 1500 1391 suarum
1532 1337 1687 1392 runcum

307 1405 409 1495 clero
434 1419 472 1484 ot
495 1411 750 1508 parrochianis
773 1414 982 1517 populoque
1007 1411 1200 1500 accedatis
1224 1426 1263 1492 ot
1285 1413 1334 1491 nd
1359 1425 1535 1491 terrorem
1550 1426 1591 1489 ut
1614 1417 1625 1488 i
1674 1416 1687 1490 i

305 1512 605 1589 excommunicati
621 1535 667 1588 eo
688 1514 805 1590 cicius
827 1513 875 1595 ad
892 1515 1143 1592 obedienciam
1172 1524 1413 1606 reuertentur,
1438 1525 1516 1590 tres
1538 1512 1612 1615 lapi
1641 1537 1685 1590 es

195 1635 201 1644 ·
303 1628 439 1684 uersos
461 1605 588 1686 domos
613 1609 877 1690 habitaciooum
902 1637 1050 1692 suorum
1070 1613 1321 1714 proniciendo,
1346 1615 1545 1712 insignum
1569 1611 1688 1690 mulo-

305 1703 485 1784 dictionis
511 1723 654 1805 eterne,
680 1735 784 1812 qoam
809 1711 906 1793 deus
931 1712 1036 1792 dedit
1050 1715 1197 1792 Dntbau
1223 1725 1261 1790 et
1277 1714 1442 1812 ⁸Abyrou
1468 1734 1563 1812 quos
1586 1721 1689 1788 terra

302 1807 412 1882 uiuos
437 1809 637 1903 absorbuit,
661 1812 787 1890 Eoiom
813 1825 907 1912 post.
922 1815 1068 1895 missam
1093 1829 1131 1892 et
1155 1817 1193 1890 in
1218 1815 1391 1914 vesperis
1416 1835 1464 1888 ac
1492 1811 1578 1888 eliis
1604 1812 1686 1911 qui·

302 1901 453 1984 buscum
480 1932 526 1986 ue
539 1907 640 1988 horis
658 1913 845 1996 canonicis
863 1937 909 1990 no
933 1916 1163 1994 sermonibus
1187 1925 1225 1990 et
1243 1912 1565 2014 predicacionibna
1589 1911 1686 2012 pub-

281 2003 387 2121 flicis
411 1933 650 2110 soiempuiter
673 2012 873 2111 publicetis
897 2025 935 2090 et
960 2009 1195 2094 denuncietis
1219 2024 1258 2090 et
1287 2013 1333 2088 ab
1359 2013 1443 2090 aliis
1469 2010 1686 2088 denunciari

302 2116 338 2180 et
362 2107 541 2207 publicari
565 2113 774 2212 procuretis
800 2111 920 2190 donoc
944 2125 982 2190 et
1007 2137 1200 2216 quousque
1225 2137 1249 2188 a
1280 2114 1385 2190 nobis
1410 2111 1475 2186 uel
1499 2111 1686 2210 superiori

300 2218 425 2292 nostro
450 2203 550 2284 aliud
575 2233 690 2312 super
720 2208 794 2288 boo
818 2215 1040 2314 receperitis
1072 2217 1110 2293 io
1133 2209 1323 2290 mandetis.
1368 2212 1509 2288 Verum
1543 2211 1578 2284 si
1610 2231 1682 2284 ex-

300 2309 547 2384 communicati
574 2307 782 2386 denuncioti
808 2323 844 2388 et
867 2316 1061 2410 aggrnuatt
1076 2314 1313 2413 prenominati
1335 2333 1405 2412 per
1428 2311 1525 2385 alios
1550 2307 1680 2384 decem

301 2400 384 2502 dies
397 2406 602 2484 immediato
619 2419 820 2510 sequentes
840 2409 973 2486 dictam
990 2411 1306 2488 denunciationem
1324 2421 1362 2486 et
1375 2409 1681 2580 agfirnuaoiouem

299 2505 427 2580 animis
452 2503 550 2606 quod
575 2509 670 2584 absit
696 2510 933 2586 sustinuerint
957 2506 1139 2586 induratis
1164 2509 1251 2584 Nos
1282 2529 1423 2610 perpen
1452 2518 1556 2582 entes
1583 2503 1681 2605 qood

300 2603 427 2702 exigat
452 2628 713 2706 peruersorunr
737 2603 895 2686 sndaoia'
920 2613 1166 2713 presumptiua
1190 2620 1230 2682 ut
1261 2610 1322 2706 qni
1346 2609 1456 2682 unica
1491 2629 1586 2706 pena
1610 2628 1684 2680 non

299 2707 460 2780 conteuti
480 2703 701 2784 forcioribos
725 2709 834 2809 penis
866 2719 1084 2800 arceantur,
1122 2705 1187 2782 Ne
1211 2701 1308 2784 tides
1341 2705 1486 2781 iliorum
1514 2727 1680 2782 corrum-

299 2814 416 2901 patur,
465 2806 501 2880 ui
526 2807 606 2882 suis
630 2829 780 2910 semper
805 2801 963 2884 debitam
988 2806 1244 2908 superioribus
1268 2803 1518 2883 obedienciam
1542 2806 1681 2906 impen-

301 2829 606 3078 delr'uutidqituno
626 2919 997 3080 Processnsnostros
1022 2903 1228 2994 huiusmodi
1247 2925 1498 3004 reoggrauare
1512 2905 1683 2980 uolentes

299 3024 348 3088 ro
373 3027 408 3078 ta
433 3025 488 3078 mo
515 3027 539 3078 o
565 3017 601 3084 et

643 3029 740 3082 orma
766 3009 958 3107 premissis
981 3005 1191 3082 mandamus
1225 3017 1405 3105 quatenus
1430 3007 1615 3087 moneatis
1641 3015 1680 3080 et

298 3103 493 3200 requiratis·
517 3117 625 3204 prout
651 3128 719 3180 nos
745 3108 862 3182 eciam
897 3107 1133 3207 presentibus
1170 3107 1388 3205 requirimus
1421 3118 1459 3180 et
1491 3104 1681 3180 iuouemus

282 3223 424 3278 omnes
450 3215 488 3278 et
511 3203 682 3306 singulos
706 3209 895 3305 utnusque
920 3228 1040 3282 senus
1064 3203 1232 3282 homines
1262 3205 1455 3305 presertim
1478 3203 1680 3280 familiares
1732 3247 1742 3254 ·
1807 3279 1818 3296 2
1908 3212 1913 3220 ‘
1953 3207 1965 3221 “

176 3328 183 3347 ’
259 3363 262 3372 .
298 3311 336 3376 et
360 3303 568 3379 seruitores
599 3303 798 3380 eorundem
833 3305 1223 3380 excommunicatorum
1256 3314 1293 3378 et
1330 3315 1609 3401 aggraoatorum
1644 3316 1682 3376 et

299 3387 498 3486 cuiuslibet
522 3426 648 3478 eorum
672 3406 766 3505 ipsis
790 3405 828 3478 in
853 3407 989 3480 virtute
1023 3415 1154 3480 sanae
1180 3399 1400 3478 obediencie
1433 3412 1471 3476 et
1504 3403 1575 3476 sub
1609 3421 1681 3475 ex·
1723 3433 1730 3442 1

192 3533 196 3540 ·
298 3502 632 3580 communicationis
644 3526 740 3604 pena
755 3503 978 3604 supradicta,
1007 3527 1111 3602 quam
1135 3504 1172 3575 iu
1187 3499 1388 3600 ,quemlibet
1403 3521 1528 3574 eorum
1555 3509 1680 3575 contra

296 3597 491 3684 facientem
514 3601 668 3678 ierimus
692 3603 728 3678 in
753 3599 827 3678 hiis
852 3604 1002 3704 scriptis
1023 3597 1227 3677 districtius
1240 3597 1474 3698 iniungendo,
1489 3600 1680 3692 Quatenus

296 3697 394 3776 inira
418 3697 502 3778 Sex
526 3700 652 3778 ultimo
677 3697 798 3778 dictos
825 3698 954 3778 decem
978 3701 1061 3778 dies
1097 3697 1293 3776 immediate
1327 3711 1549 3798 sequentes,
1587 3721 1680 3798 quos
1787 3741 1794 3752 ,

296 3799 392 3899 ipsis
418 3797 582 3901 desuper
607 3823 675 3902 pro
701 3803 796 3878 omui
822 3799 1005 3878 dilacione
1021 3812 1059 3878 et
1084 3800 1259 3876 conamen
1278 3799 1483 3874 moniciooe
1508 3801 1680 3900 assigno-

194 3989 204 4000 ,
297 3923 378 3976 mus
402 3899 449 3974 ab
475 3902 567 3976 omui
593 3902 880 4002 participooione
919 3913 956 3978 et
990 3901 1320 3976 commonicacione
1352 3901 1511 3998 ipsorum
1537 3897 1680 3974 denuo-

297 3999 472 4074 ciatorum
498 4003 887 4079 excommunicatorum
914 4013 952 4076 et
976 4011 1256 4100 aggrauatorum
1289 4002 1436 4101 penitus
1468 4009 1505 4074 et
1538 3999 1690 4094 omnino

297 4095 479 4176 desistant
504 4111 541 4175 et
566 4100 717 4200 quilibet
742 4123 865 4178 eorum
892 4095 1046 4178 desistat
1070 4097 1159 4178 Nec
1195 4122 1274 4176 cnm
1301 4099 1443 4175 eisdem
1469 4119 1701 4179 excommm.

131 4205 136 4214 '
296 4197 430 4276 micatis
454 4197 666 4300 aggrnun'tis
691 4199 1028 4302 stibeaggrauatis
1053 4212 1117 4278 aut
1140 4222 1266 4277 eorum
1299 4197 1441 4300 aiiqno,
1476 4191 1679 4291 seruiendo

1243 4313 1353 4391 11*
