4209 5034
726 575 997 684 episcopatus
1025 548 1282 694 Augustani.
1442 537 1448 544 ⁴
1626 547 1695 670 ’53

311 800 385 886 tum
404 807 630 886 necessariis
642 792 829 886 docenter
846 789 1116 902 edomuimus,
1133 832 1277 887 necnon
1289 809 1506 888 instituimus
1517 810 1695 916 erigimus

311 909 507 1008 fundamus
533 904 698 1002 dommus
717 921 771 987 'et
794 905 1012 986 adornamus
1027 940 1044 1002 ,¹
1062 911 1123 1014 ‘iln
1148 906 1211 987 dei
1236 912 1379 987 nomine
1408 923 1445 987 et
1470 916 1696 1016 presentium

307 1029 395 1112 per·
406 1021 580 1100 tenorem,
606 1005 864 1087 Decernentes
880 1007 1084 1094 huiusmodi
1097 1021 1257 1087 nostras
1275 1011 1543 1089 institucionem
1557 1015 1695 1092 erecti-

310 1125 419 1186 onem
442 1107 697 1184 modarionem
723 1109 947 1198 dotacione'm
973 1121 1011 1185 et
1035 1108 1325 1197 odoiniciouem·
1343 1133 1411 1212 pro
1437 1109 1552 1189 diuini
1570 1113 1695 1193 cultu's

312 1219 506 1309 sugerente
537 1209 651 1284 robur
682 1207 818 1294 limnnnl
848 1219 890 1286 ‘et
915 1211 1113 1298 limrittriem
1134 1207 1346 1287 'eunonicum
1365 1215 1571 1313 perpetuis
1602 1210 1695 1309 tem}-

311 1311 465 1412 porilrus
491 1307 699 1402 habiturn·
717 1309 777 1386 Ac
802 1309 971 1388 'colentes
995 1309 1274 1400 etstlttltentes,
1325 1311 1397 1386 uod
1416 1313 1575 1391 collacio
1593 1308 1695 1407 tlict'e

213 1416 222 1424 '
312 1411 428 1486 misse
445 1419 489 1485 ³et
513 1409 654 1485 vlcnrie
679 1417 859 1512 perpetue
894 1409 981 1487 dlcti
998 1409 1136 1488 altaris
1160 1413 1277 1489 sancti
1340 1411 1450 1488 italis·
1469 1411 1524 1488 'ad
1554 1437 1624 1490 uos
1656 1425 1695 1491 et

313 1527 561 1586 successores
580 1519 726 1586 nostros
741 1511 954 1612 Episcopus
979 1523 1226 1612 augustenses
1252 1534 1319 1615 pro
1339 1519 1504 1615 tempore
1525 1514 1694 1590 existen-

313 1621 373 1686 tes
398 1610 587 1712 perpetuis
612 1609 745 1690 suturis
777 1611 1002 1714 temporibus
1035 1609 1172 1691 delmi
1202 1615 1404 1734 pertinere,
1437 1613 1498 1712 qui
1531 1625 1695 1716 tempore

313 1712 547 1786 vocacionum
573 1709 701 1786 dictarn
726 1715 870 1789 missam
897 1723 934 1787 et
958 1709 1130 1788 vicariam
1154 1737 1219 1787 rur
1240 1707 1427 1789 sacerdoti
1453 1713 1516 1789 uel
1538 1707 1605 1788 tali
1633 1715 1695 1814 qni

311 1811 350 1884 in
375 1811 550 1910 proximis
575 1813 720 1886 statutis
745 1835 768 1887 a
788 1816 886 1913 jure
903 1810 1200 1910 temporibusatl
1226 1811 1378 1889 ordines
1400 1814 1515 1888 eciam
1536 1815 1695 1890 maiores

310 1912 522 2010 promoueri
547 1922 586 1986 et
611 1909 769 1991 ordinari
795 1910 937 2004 valeat,
973 1913 1107 2002 debeat
1142 1912 1316 1990 conferre
1348 1921 1386 1987 et
1410 1912 1510 1988 illum
1535 1913 1695 1988 vltetiu's

307 2007 423 2085 rlictis
443 2012 632 2112 preposito
658 2005 800 2089 deca‘no
816 2017 821 2056 ²
840 2021 876 2090 et
911 2007 1071 2116 'capitulo
1107 2013 1176 2119 pro'
1206 2011 1413 2116 adepcione
1438 2012 1695 2114 possessionis

314 2103 479 2186 eiusdem
506 2121 542 2185 et
567 2111 686 2212 ipsius
708 2115 845 2210 jurium
871 2119 909 2188 et
933 2115 1241 2286 pertinenciamm
1268 2115 1408 2188 mittere
1433 2115 1516 2188 siue
1536 2133 1695 2217 presen-

314 2221 402 2301 tare,
429 2211 489 2310 qni
516 2209 651 2314 adepta
676 2215 917 2312 possessione
969 2211 1150 2290 niosmoili
1184 2213 1301 2288 iuxta·
1321 2208 1623 2289 consuetudinem
1658 2222 1697 2289 et

314 2319 446 2385 statuta
483 2303 583 2387 dicte
616 2323 740 2388 nostre
774 2312 939 2388 ecclesie
974 2308 1125 2390 Census
1158 2321 1196 2387 et
1232 2309 1401 2386 redditus
1438 2311 1696 2414 infrascriptos

310 2411 513 2512 percipiat,
546 2407 709 2487 Chornr'u
735 2411 784 2486 ud
808 2411 1101 2488 instar‘aliorum
1126 2411 1349 2486 vicariorum
1374 2410 1500 2486 visitet
1530 2413 1633 2512 leget
1659 2422 1697 2486 et

311 2509 447 2610 psallat
480 2521 516 2586 et
550 2511 768 2612 incapells
802 2511 923 2586 sancti
960 2509 1112 2588 Martini
1151 2509 1386 2610 infrascripta
1422 2533 1491 2610 per
1526 2507 1696 2613 singulas

307 2631 356 2685 se
384 2611 534 2686 limenas
560 2610 653 2686 duas
679 2613 824 2686 missas
846 2621 882 2688 et
899 2609 953 2684 'iu
985 2608 1095 2686 'dicto
1127 2608 1234 2684 ulturi
1267 2607 1428 2708 singulis
1453 2609 1537 2685 aliis
1563 2607 1696 2685 diebus

310 2633 427 2786 rainu
450 2709 575 2786 debita
604 2709 830 2788 sacerdotali
865 2707 1057 2785 honestate
1086 2709 1240 2784 missam
1273 2707 1487 2810 frequenter
1522 2707 1624 2808 legat
1658 2704 1695 2784 in

314 2807 413 2886 dicis
452 2811 592 2886 vicaria
638 2810 885 2914 personaliter
924 2809 1089 2886 resideat
1100 2807 1118 2904 ‚'
1156 2810 1255 2884 illam
1301 2809 1444 2908 ubsque
1484 2820 1610 2885 nostro
1659 2820 1698 2884 et

315 2931 574 2988 successorum
600 2921 805 2988 nostrornm
831 2911 977 2986 obtento
1005 2930 1187 2986 consensu
1222 2932 1303 2984 cnm
1338 2907 1412 2984 alia
1469 2929 1603 2984 emona
1627 2927 1696 3008 pro

311 3009 384 3085 alio
409 3009 590 3086 beneficio
616 3034 687 3086 non
711 3021 893 3112 permutet
917 3022 955 3086 et
978 3008 1073 3085 allas
1103 3011 1176 3119 ipsi
1200 3009 1342 3086 vicarie
1367 2931 1601 3084 lauriamliter
1627 3004 1697 3084 de-

313 3110 453 3186 seruiat
476 3111 512 3183 in
539 3105 686 3187 diuinis.
712 3109 863 3188 Census
888 3121 1007 3185 aulem
1040 3121 1079 3186 et
1102 3107 1270 3187 redditus
1303 3107 1435 3208 quibus
1461 3107 1561 3183 dicte
1586 3109 1698 3183 missa

313 3219 494 3311 perpetua
520 3221 556 3286 et
581 3213 723 3287 vicaria
749 3211 873 3286 dotata
900 3209 1120 3300 dinoscitur,
1148 3231 1214 3312 pro
1241 3207 1387 3286 cantela
1409 3209 1635 3309 presentium
1661 3218 1699 3282 et

312 3311 486 3385 mentoris
510 3309 712 3388 futurorum
730 3306 899 3385 duximus
915 3307 976 3384 hie
992 3307 1228 3384 inserendum
1254 3307 1379 3382 Primo
1396 3329 1550 3409 namque
1565 3304 1698 3382 dictam

313 3409 458 3486 missum
492 3423 703 3512 perpetuant
737 3421 774 3488 et
807 3409 981 3486 vicariam
1015 3407 1218 3492 dotanirnns
1252 3429 1333 3482 cum
1365 3421 1545 3508 perpetuo
1580 3426 1698 3498 censu

312 3509 601 3609 vigintiquinque
641 3511 859 3586 florenorum
898 3509 1124 3584 Renensinm
1167 3527 1273 3611 quem
1313 3503 1474 3580 dilectus
1512 3505 1618 3580 nobis
1659 3501 1697 3576 in

307 3603 467 3685 ¹Clrristo
492 3607 683 3686 Jolrunnes
709 3607 934 3701 Schmoczel
961 3603 1190 3708 Capelianus
1217 3627 1261 3680 oa
1289 3603 1364 3679 elle
1388 3603 1505 3678 sancti
1524 3598 1698 3678 Seruacii

316 3718 424 3784 extra
448 3733 569 3785 muros
590 3721 842 3809 augustenses
867 3732 891 3783 a
916 3709 1166 3784 communitate
1193 3630 1293 3804 opigl
1309 3699 1544 3801 Nordlingen
1571 3707 1699 3776 nostre

314 3801 480 3884 diocesis
511 3809 618 3885 titulo
649 3831 703 3885 ern
732 3810 850 3885 cionis
887 3811 965 3884 eom
993 3807 1112 3881 enauit
1144 3815 1181 3882 et
1219 3805 1326 3880 rtobis
1359 3799 1515 3879 eundem
1548 3821 1700 3877 censum

313 3913 527 4008 perpetuum
553 3835 851 3986 arturianum
889 3918 925 3982 et
958 3831 1153 3982 inondum
1172 3901 1324 3996 ¹,dictanr
1348 3904 1495 4011 missam
1520 3910 1558 3978 et
1585 3899 1700 4009 Vica-

305 4007 405 4080 rium
430 4005 652 4085 condonanit
676 4021 713 4086 et
738 4007 943 4105 resignauil
967 4005 1231 4091 benetentum
1251 4003 1429 4080 Vicarius
1455 3998 1588 4078 dictam
1612 4001 1700 4075 mis-

314 4126 393 4180 sum
407 4118 455 4182 ·et
474 4107 663 4182 ¹Vicinium
690 4109 858 4189 obtineris
891 4105 1030 4183 habere
1064 4115 1101 4180 et
1124 4105 1322 4208 percipere
1347 4101 1516 4196 singulus
1541 4107 1702 4202 presen-

318 4205 396 4283 clss
422 4217 460 4286 et
485 4207 765 4286 consolaciones
789 4201 970 4284 adinstar
994 4203 1147 4284 aliorum
1162 4201 1436 4280 riceriorumsl
1458 4197 1703 4277 desmuinetit
