4209 5034
418 531 487 620 64
743 499 749 510 ’
808 657 810 660 Ι
970 523 1244 652 Monumenta

446 770 631 856 resonos,
657 755 755 863 qnod
770 753 978 860 Capitulum
1002 767 1165 837 nostrum
1189 769 1229 838 et
1246 775 1495 839 successores
1520 760 1638 838 nostri
1661 759 1807 867 possint
1853 811 1859 833 ,

472 865 583 943 beant
613 869 650 938 et
679 861 827 937 valeant
861 882 942 935 cnm
975 885 1089 962 supra
1123 864 1312 938 nominatis
1343 862 1462 939 tribus
1495 856 1621 938 Curiis
1655 866 1693 940 et
1724 887 1808 942 curn

423 965 506 1042 suis
542 962 683 1041 iuribus
719 959 948 1062 pertinentiis
980 957 1161 1039 fructibus
1197 961 1402 1038 redditibus
1442 971 1481 1037 et
1517 962 1808 1040 obnencionibus

423 1063 631 1154 rniuersis,
670 1067 886 1160 qnoc'nnqne
923 1062 1066 1137 nomine
1107 1073 1330 1138 censeantur
1363 1061 1493 1138 facere
1531 1070 1570 1137 et
1608 1061 1810 1165 disponere

429 1159 606 1264 quidquid
646 1162 705 1234 cis
739 1153 926 1236 ridebitur
955 1160 1046 1236 vtile
1083 1170 1193 1261 atque
1232 1163 1363 1237 bonnm
1393 1163 1432 1237 in
1464 1182 1603 1236 omnem
1638 1173 1820 1238 eventum

425 1264 521 1340 riam
545 1269 583 1336 et
607 1257 761 1352 modum,
786 1259 928 1358 absque
952 1259 1074 1360 aliquo
1098 1255 1354 1362 impedimento
1380 1271 1418 1337 et
1441 1259 1713 1361 perturbatione
1738 1259 1809 1336 do·

426 1361 512 1438 mini
534 1359 711 1460 prepositi
735 1354 900 1440 moderni
924 1367 963 1435 et
987 1383 1112 1436 eornm
1170 1361 1208 1434 ni
1242 1369 1328 1462 post
1353 1382 1436 1436 enm
1459 1362 1691 1439 snccessinIs
1715 1369 1809 1437 tenr-

288 1487 293 1492 ·
426 1459 579 1562 poribus
631 1459 785 1550 repositi
807 1469 893 1535 snut
917 1457 1030 1535 futuri
1062 1483 1107 1536 ac
1134 1385 1336 1560 aliquorum
1359 1460 1513 1537 aliorum
1542 1461 1706 1562 ipsorum
1737 1481 1808 1538 no·

427 1561 523 1636 mine
557 1483 694 1635 delent
726 1557 844 1635 eciam
877 1557 1059 1660 deinceps
1096 1581 1252 1637 cessare
1285 1569 1324 1637 et
1354 1559 1493 1636 abesse
1526 1557 1647 1662 etde
1679 1569 1808 1636 cetero

425 1661 589 1739 extincta
639 1678 728 1734 esse
781 1657 942 1756 quelibet
992 1657 1229 1760 infrascripta
1292 1657 1471 1736 videlicet
1521 1660 1640 1735 omnia
1685 1657 1808 1734 diuise

426 1780 498 1859 que
517 1756 658 1832 domini
682 1759 861 1858 prepositi
885 1758 1137 1860 principaliter
1160 1769 1199 1835 et
1223 1753 1397 1836 distincta
1429 1759 1476 1836 ab
1509 1759 1594 1834 aliis
1619 1759 1808 1834 canonicis

269 1925 276 1932 .
427 1866 476 1934 ct·
498 1851 671 1974 Cupitnlo
703 1855 843 1932 babere
882 1865 920 1933 et
951 1859 1124 1962 recipere
1156 1868 1444 1938 conswenernnt
1484 1854 1584 1958 qnod
1614 1853 1814 1956 sundrung-

427 1954 623 2056 wlgqrrter
646 1966 875 2058 nuncupatur
911 1967 949 2032 et
979 1981 1106 2036 omnes
1130 1955 1274 2036 fructus
1298 1955 1424 2037 debita
1452 1966 1491 2033 et
1520 1957 1683 2035 seruicia
1714 1978 1809 2057 qno·

425 2075 579 2156 cumque
604 2055 747 2130 nomine
772 2055 847 2130 sint
869 2067 1002 2135 vocata
1025 2063 1108 2137 sine
1134 2061 1335 2136 consistant
1363 2060 1402 2132 in
1425 2055 1615 2133 frumentis
1641 2053 1809 2134 denariis
1857 2101 1860 2105 ν

452 2157 550 2231 orcis
573 2153 722 2252 gallinis
745 2155 941 2232 anseribus
966 2161 1049 2235 onis
1074 2161 1163 2236 feno
1197 2169 1236 2237 et
1268 2158 1362 2235 alias
1387 2157 1695 2257 qualitercumque
1718 2176 1810 2257 pre·

453 2258 525 2332 'cta
547 2263 702 2356 possent
726 2249 843 2332 ‘verbo
869 2259 1024 2358 exprimi
1049 2262 1133 2337 sine
1164 2257 1272 2336 modo
1303 2257 1426 2356 aliquo
1451 2258 1659 2428 excoqitari
1681 2256 1810 2333 eciam

424 2357 458 2431 si
490 2361 619 2431 essent
652 2350 792 2430 diuisa*
815 2379 885 2432 seu
915 2358 1084 2437 seiuncta
1116 2360 1262 2436 scilicet
1298 2355 1490 2454 snndrnng
1519 2381 1560 2433 w
1575 2356 1716 2455 gariter
1745 2353 1811 2432 nel

336 2513 342 2518 .
423 2475 474 2530 ex
499 2451 581 2530 aliis
607 2453 734 2528 censis
759 2453 1003 2535 obueniencia
1028 2481 1100 2560 que
1125 2455 1258 2535 domini
1281 2456 1462 2560 prepositi
1494 2477 1614 2555 nsque
1641 2452 1693 2528 ad
1716 2475 1808 2555 pre·
1854 2476 1858 2484 ⁴

422 2573 514 2632 sens
538 2563 681 2652 ternpus
707 2565 929 2654 receperunt
954 2568 992 2634 et
1016 2557 1221 2636 babuerunt
1244 2569 1283 2634 et
1305 2554 1444 2634 babere
1468 2565 1507 2630 et
1529 2555 1702 2656 recipcre
1715 2576 1808 2630 con·

423 2663 626 2732 euenerunt
652 2647 701 2728 de
724 2655 841 2732 tribus
867 2651 993 2734 Curiis
1017 2657 1282 2761 suprascriptis
1314 2653 1428 2733 etde
1461 2654 1626 2732 omnibns
1659 2663 1697 2729 et
1726 2654 1808 2732 sin·

475 2753 523 2828 lis
547 2751 812 2852 pertinentibus
835 2751 884 2832 nd
909 2753 1061 2834 easdem
1087 2769 1124 2833 et
1149 2757 1246 2856 quod
1271 2758 1308 2832 in
1333 2754 1396 2832 nel
1422 2751 1471 2828 nd
1496 2775 1564 2830 ens
1587 2753 1744 2854 pertinet
1767 2753 1809 2830 in

351 2849 363 2863 “
439 2853 520 2927 ocis
551 2851 825 2950 quibuscunque
858 2862 896 2928 et
926 2852 999 2933 boc
1031 2865 1200 2933 statutum
1230 2855 1351 2933 locum
1384 2851 1522 2930 babere
1553 2853 1723 2928 volumus
1755 2846 1808 2929 de

399 2950 593 3054 ‚presenti
623 2948 661 3022 in
687 2945 804 3025 Curia
835 2951 987 3030 villicali
1017 2959 1051 3032 in
1084 2954 1309 3052 Merdingen
1341 2952 1390 3030 de
1416 2976 1486 3051 qna
1510 2950 1625 3028 nichil
1659 2949 1709 3028 (le
1739 2973 1808 3028 su·

422 3047 1315 3256 littlebittipltltlligttllitl
1334 3049 1574 3230 triete
1594 3052 1807 3226 bittit:

424 3247 597 3326 dietatem
622 3242 841 3324 decimarum
867 3258 1161 3357 prescriptorum.
1209 3254 1262 3331 ln't
1285 3254 1556 3350 subsequenter
1582 3205 1636 3327 ’de
1661 3248 1805 3327 duabus
1866 3315 1869 3320 .

423 3347 508 3426 aliis
534 3343 660 3426 Ombis
683 3347 864 3432 videlicet
893 3353 933 3426 in
957 3353 1181 3432 Gersboncn
1217 3356 1316 3431 etin
1339 3347 1562 3455 Byberbacb
1595 3374 1699 3451 qnam
1730 3350 1806 3425 cito

423 3473 498 3525 rnn
528 3448 593 3524 uel
627 3449 731 3526 ambe
764 3450 946 3528 vacabunt
980 3466 1114 3556 postea
1148 3453 1256 3531 simul
1286 3453 1350 3528 uel
1384 3451 1608 3528 successive
1640 3448 1807 3525 similiter

424 3543 540 3622 nicbil
564 3547 706 3621 omniun
732 3545 781 3623 dc
806 3573 827 3626 s
854 3551 1032 3631 ccificatis
1063 3579 1178 3656 supra
1208 3554 1376 3654 proxime
1408 3548 1547 3626 babere
1573 3547 1709 3627 debent
1733 3569 1806 3623 ex·

422 3645 531 3744 igere
554 3649 749 3747 percipere
783 3575 852 3725 nel
878 3651 1007 3730 leuare
1035 3666 1160 3753 preter
1181 3651 1410 3728 medietatem
1435 3648 1657 3725 decimarum
1676 3646 1807 3821 speci·

421 3745 608 3820 licatarnm
643 3751 815 3847 superins
845 3758 886 3826 nt
918 3764 977 3829 est
1007 3749 1141 3828 dictum
1167 3749 1309 3829 directe
1345 3747 1410 3826 uel
1441 3747 1622 3825 indirecte
1679 3743 1805 3822 ulice

423 3843 487 3919 uel
519 3844 664 3922 occulte
699 3849 794 3923 omni
818 3862 992 3940 cessante
1016 3851 1165 3946 colore,
1195 3853 1315 3928 itaet
1345 3849 1467 3926 taliter
1500 3844 1597 3946 quod
1663 3844 1833 3920 ominus

423 3952 550 4019 noster
573 3950 787 4048 prepositus
812 3951 875 4049 qui
898 3973 994 4029 nnnc
1019 3960 1079 4028 est
1102 3948 1229 4026 etalii
1253 3951 1314 4050 qui
1337 3945 1544 4026 succedent
1566 3943 1806 4020 suturistem-

422 4041 575 4217 poribus
599 4047 638 4120 in
662 4045 841 4148 predictis
873 4059 912 4126 et
934 4050 983 4126 nd
1008 4047 1177 4152 predicta
1210 4060 1249 4125 et
1280 4059 1409 4126 contra
1443 4067 1490 4119 ea
1522 4041 1635 4118 nicbil
1671 4041 1804 4124 dicere

449 4141 579 4220 abeant
604 4146 677 4222 nel·
690 4148 749 4224 eis
775 4147 1030 4225 contradicere
1052 4147 1178 4247 aliqua
1206 4149 1271 4224 ris
1301 4147 1365 4223 nel
1388 4141 1497 4220 modo
1522 4143 1712 4242 quominus
1736 4166 1804 4220 sn·

422 4263 492 4346 prr
515 4243 653 4348 scripta
676 4247 796 4325 omnia
819 4255 857 4324 et
879 4247 1026 4350 singule
1049 4256 1216 4327 maneant
1244 4249 1284 4326 in
1315 4246 1426 4353 plena
1460 4241 1607 4326 roboris
1637 4242 1802 4322 firmitate
1847 4303 1854 4312 .
1943 4339 1947 4344 ,
