4209 5034
673 611 676 618 .
829 527 1382 659 episcopansungnsuu.
1690 547 1803 644 eso

408 777 576 884 pilulrun.
595 776 730 879 prolati
754 775 869 862 ,dioto
902 788 1037 860 statuto
1055 771 1286 860 :ndieoeruut
1320 780 1502 862 station
1533 776 1803 875 urdinaoeroat

408 879 507 981 quod
522 879 638 959 :stiunt
655 873 920 961 ,nullnsGinis
945 879 1012 956 uel
1036 874 1463 972 CiuiosezAugustouaio
1487 878 1587 959 lilius
1611 884 1649 958 ln
1676 866 1802 965 (lanu

406 982 529 1062 mour
542 974 643 1058 dicte
663 974 833 1062 ecclesie
858 979 977 1079 recipi
1002 986 1144 1080 posset,
1169 988 1232 1054 aut
1256 978 1423 1072 deberet,
1447 976 1545 1064 iden
1561 979 1699 1066 sixtus
1714 1009 1802 1084 pree
1845 1007 1850 1012 ·

408 1078 593 1159 decessor
618 1087 787 1158 statutum
814 1076 1165 1170 ordinationemque
1185 1077 1432 1161 adiectionem
1457 1079 1646 1180 predicto,
1680 1106 1729 1168 ao
1753 1105 1801 1181 qa

406 1180 672 1262 concernentia
694 1179 821 1257 omnin¹
839 1191 875 1258 et
901 1177 1052 1278 singula
1076 1181 1114 1252 in
1138 1179 1207 1256 ‘eis
1232 1191 1401 1260 contenta
1421 1201 1509 1278 ,per
1533 1205 1627 1261 suos
1660 1183 1799 1270 titteris

268 1365 272 1378 ,
406 1281 698 1382 approbanit'et‘
713 1277 949 1371 confirmauit,
974 1278 1195 1379 supplentes
1216 1301 1344 1359 onnes
1370 1291 1407 1356 ot
1432 1277 1607 1378 singulos
1627 1281 1800 1370 deloom
1880 1341 1885 1346 .

408 1380 505 1480 siqui
530 1381 657 1457 forsan
689 1377 978 1459 interuenisseot
1002 1381 1040 1454 in
1073 1377 1240 1470 eisdam,
1277 1379 1460 1465 Decreuit
1485 1399 1641 1480 quoque-
1661 1385 1800 1467 irritum

402 1489 450 1568 et·
469 1483 589 1570 inane,
615 1475 764 1580 quiquid
791 1499 905 1556 secus
918 1503 940 1554 a
954 1501 1131 1579 quoquaru
1151 1481 1384 1577 contingeret
1401 1483 1603 1578 attemptari
1629 1493 1743 1582 prom·
1761 1486 1799 1570 iu

407 1575 551 1660 eisdem
578 1578 710 1657 litteris
736 1575 885 1679 plenius
911 1579 1127 1670 continetur,
1151 1577 1202 1657 lit
1227 1577 1371 1657 deindo·
1385 1579 1481 1662 sicut
1505 1578 1670 1663 exhibita
1693 1580 1801 1670 nobie
1838 1615 1843 1623 ·

406 1685 749 1859 tt't‘ilitlttt
765 1676 971 1875 istit
984 1673 1802 1878 itltlr‘tlltttffttltttttttlt
1910 1729 1920 1736 ’

406 1879 509 1956 ensis
525 1877 625 1957 lnlso
640 1887 856 1957 asserentes
880 1877 1026 1954 litteras
1068 1870 1232 1952 redictas
1257 1879 1497 1976 surrupticias
1520 1891 1560 1954 et
1574 1879 1800 1980 obreptioiou

404 1975 488 2058 fore
513 1997 804 2078 ouuaausuper
830 1975 901 2052 lroo
922 1997 1042 2064 nonno
1076 1978 1327 2057 'soausarunr
1345 1974 1480 2056 Palatii
1504 1978 1699 2079 apostolici
1714 1985 1800 2072 Anu

405 2071 588 2164 ditoribus
606 2098 676 2154 sou
700 2098 827 2164 eorum
843 2074 1139 2162 locateueutibus
1155 2078 1380 2154 successise
1396 2079 1528 2156 comitti
1545 2079 1799 2174 obdnpissont,

375 2195 378 2200 ·
404 2175 584 2262 maanus
602 2187 647 2253 st
666 2169 882 2277 ‚Capitulum
901 2175 1041 2278 »prefati
1067 2174 1170 2255 Tres
1188 2171 1406 2258 ,consorores
1438 2175 1653 2268 diffinitiuus
1672 2180 1799 2263 abso-o

406 2275 559 2357 lutorias
585 2299 652 2376 pro
677 2297 744 2366 se,
760 2296 806 2350 ac
831 2288 959 2355 contra
970 2273 1179 2374 Magistros
1201 2278 1336 2352 ciuium
1361 2288 1402 2358 et.
1416 2274 1607 2362 Consules
1631 2278 1799 2379 prefatos

296 2447 299 2452 .
407 2378 610 2454 mamutius
635 2385 867 2473 reportarunt
899 2374 1033 2450 litteris
1065 2375 1381 2461 executorinlibus
1406 2376 1586 2478 desuper,
1611 2379 1654 2466 in
1682 2377 1805 2460 lornu,

406 2473 519 2556 solita
535 2470 705 2550 decretis
729 2469 823 2548 Curn
848 2483 966 2548 autern
991 2473 1090 2548 sicot
1117 2469 1247 2550 eaden
1271 2477 1409 2574 peticio
1435 2475 1692 2574 subiungebat,
1717 2476 1799 2570 De-

407 2595 527 2653 canus
548 2585 584 2652 et
610 2569 817 2672 Capitulum
842 2572 1013 2673 predicti,
1037 2570 1089 2648 de
1113 2573 1301 2673 prioribus
1336 2582 1471 2651 statuto
1502 2587 1541 2650 et
1561 2573 1796 2665 ordinatione

403 2673 573 2778 prefatis,¹
597 2685 750 2774 propter
773 2671 915 2748 illorum
932 2683 1148 2748 uetustatem
1162 2683 1201 2748 et
1215 2676 1389 2774 temporis
1411 2673 1678 2770 diuturnitatem
1694 2677 1798 2770 alias,

406 2797 512 2873 quant
539 2796 607 2875 per
632 2791 758 2848 eorum
783 2773 975 2866 longanum
1002 2772 1269 2850 obseruantiam
1288 2772 1428 2850 docere
1453 2777 1703 2878 nonpossint,
1728 2798 1798 2855 eu·
1881 2779 1885 2784 ’

406 2875 578 2976 piontque
603 2871 689 2962 illa,
728 2896 772 2946 ac
796 2871 1040 2962 adiectionem
1065 2870 1272 2948 huiusmodi
1298 2899 1365 2970 pro
1389 2873 1533 2952 illorum
1559 2876 1798 2955 subsistentia¹

406 2973 554 3050 firmiori
579 2997 602 3048 a
630 2970 786 3050 ostolica
810 2974 1024 3060 auctoritate
1051 2972 1251 3051 confirmari
1276 2997 1345 3074 pro
1372 2988 1475 3075 purte
1500 2973 1700 3069 eorundem
1709 2975 1798 3072 De·

410 3075 493 3150 caui
518 3083 555 3150 et
582 2998 746 3173 dapium
772 3074 877 3151 nobis
902 3072 971 3148 luit
995 3071 1177 3164 lrunniliter
1202 3077 1444 3176 supplicatum
1469 3089 1507 3151 nt
1529 3085 1710 3168 statuturo,
1735 3098 1798 3150 or·

304 3239 308 3242 .
408 3172 627 3250 dinatiuncm
652 3179 688 3246 et
712 3169 954 3248 adiectionem
1007 3167 1169 3262 redicta,
1203 3199 1272 3274 pro
1305 3175 1638 3276 illorunn‘pleoiori
1663 3175 1797 3251 robore

409 3272 459 3347 de
484 3295 585 3347 rrouo
608 3271 812 3371 approbare
839 3198 1004 3348 etcdnd

407 3371 608 3473 prouidere
636 3371 684 3446 de
710 3371 932 3470 benignitate
958 3372 1161 3473 apostolica
1188 3371 1432 3471 dignaremur·
1466 3372 1553 3449 Nos
1578 3376 1690 3470 igitur
1714 3371 1796 3450 Ile·

407 3494 536 3548 eanum
562 3485 598 3546 et
615 3467 825 3571 Capitulum
849 3470 1052 3572 predictos,
1077 3495 1124 3547 ac
1142 3494 1269 3548 eorunr
1292 3473 1461 3573 singulos
1479 3499 1502 3548 a
1518 3475 1795 3573 quibuscunque

407 3571 792 3648 excommunicationis
819 3574 1078 3672 suspensionis
1104 3583 1141 3647 et
1172 3571 1358 3650 interdicti
1393 3575 1553 3649 aliisue
1587 3573 1796 3650 ecclesias-

405 3673 491 3746 ticis
528 3671 752 3761 sentenciis,
787 3671 958 3748 censuris
985 3681 1022 3745 et
1045 3673 1153 3771 penis
1180 3695 1203 3746 a
1227 3674 1308 3748 iure
1333 3674 1396 3749 uel
1421 3674 1467 3750 ab
1521 3675 1636 3750 omine
1663 3677 1793 3772 quouis

407 3770 606 3848 occasione
624 3769 685 3846 uel
712 3791 826 3846 cause
847 3770 931 3845 latis
957 3773 1126 3869 siquibus
1142 3771 1411 3871 quomodolibet
1435 3771 1596 3849 innodati
1617 3776 1792 3867 existunt,

405 3865 455 3944 ad
479 3869 647 3946 effectum
673 3872 896 3970 presentium
922 3869 1100 3947 duntaxat
1124 3872 1423 3972 consequendum
1446 3873 1570 3950 lrarurn
1597 3876 1699 3950 serie
1723 3876 1792 3950 ab·

409 3969 599 4046 soluentes
627 3979 663 4044 et
689 3970 877 4045 absulutos
903 3968 985 4048 lore
1011 3983 1211 4050 censentes
1237 3972 1443 4052 huiusmodi
1463 3975 1792 4076 supplicationibus

404 4070 567 4145 inclinati
582 4077 756 4148 statutunn
766 4065 1040 4165 ordinationem,
1067 4082 1105 4147 et
1124 4069 1366 4150 adiectionem
1392 4074 1560 4176 predicta
1576 4081 1791 4151 anctoritate

395 4169 612 4273 ¹apostolico¹
624 4180 752 4246 tenore
777 4174 1000 4271 presentium
1015 4168 1076 4248 de
1102 4193 1200 4248 nouo
1224 4171 1465 4278 approbamus
1482 4187 1519 4253 et
1540 4174 1790 4252 confirmanus
1913 4211 1927 4259 ·.

996 3294 1125 3364 rotare,
1144 3294 1196 3348 ac
1220 3273 1315 3350 alias
1339 3279 1377 3350 in
1392 3275 1797 3374 premissisoportuue
1906 3356 1910 3366 ,
