4209 5034
331 488 338 500 ’
478 525 586 618 aso
893 477 1495 661 :ckmmraaptg
1598 647 1609 668 s

419 829 421 840 ,
460 751 837 840 amissisemus
869 768 948 854 per*
973 750 1102 834 serm
1119 748 1374 868 ‚apsmlloem
1393 767 1471 865 pro
1505 755 1670 848 tempore
1694 741 1804 823 faede
1825 759 1863 825 et

482 860 680 938 concessis
704 857 776 934 nisi
800 853 923 931 littere
947 842 1465 953 predecessorisbmusmodr
1490 839 1540 921 de
1564 845 1682 922 uerbo
1704 843 1756 920 ad
1776 866 1863 922 uer·
1894 882 1898 890 ·

481 961 565 1040 bum
581 961 845 1038 ,insererentur
867 962 929 1034 ant
954 952 1002 1032 de
1028 953 1106 1034 illis
1119 948 1306 1053 :specialis
1330 957 1368 1026 et
1392 968 1580 1050 expressa
1600 947 1735 1023 mentio
1757 944 1863 1022 beret
1917 990 1921 1003 ·

481 1058 622 1142 inillis
653 1052 862 1132 nullatenus
896 1053 1248 1172 derogareturxoeo
1272 1049 1442 1167 illarum..
1471 1057 1621 1166 retexto
1652 1068 1723 1148 per
1752 1069 1862 1162 pas-

482 1181 1195 1338 r
1231 1151 1375 1344 tlon
1396 1153 1862 1350 optatorum

480 1281 659 1435 udalardi
692 1282 916 1474 coemptum·
932 1352 1115 1472 humiliter
1130 1277 1415 1478 ..supplicamdd-
1437 1363 1486 1431 bl*
1505 1343 1862 1522 litteresdptediotu

480 1445 1862 1664 aaaronsceleratorum?1,utart*

482 1677 613 1732 eorum
633 1655 854 1750 singulares
899 1665 1103 1731 ursonem
1136 1653 1329 1752 quibusnis
1361 1647 1749 1728 exmaaameottouo
1778 1666 1863 1722 sna

480 1757 670 1856 pensionis
697 1763 734 1830 et
763 1679 948 1845 intended
978 1754 1139 1852 aliisque
1171 1750 1441 1829 ecelesiasticis
1474 1747 1667 1842 sententiis
1693 1744 1862 1860 censuris

482 1857 653 1953 alponis
678 1879 699 1930 a
723 1854 805 1930 iure
831 1851 895 1928 uel
921 1853 966 1928 ab
989 1851 1134 1928 bomine
1158 1853 1292 1949 quana
1320 1848 1520 1926 occasione
1550 1845 1613 1924 uel
1636 1867 1755 1924 eausa
1777 1841 1862 1920 taur

482 1955 515 2030 si
540 1954 671 2050 quibos
696 1935 967 2049 quomodolibet
991 1949 1158 2026 innodati·
1177 1952 1341 2026 extsmm
1363 1946 1414 2022 ad
1445 1947 1615 2024 atomum
1638 1945 1862 2045 presentia!

480 2049 655 2128 duntaxat
671 2047 969 2148 consequendum
990 2047 1234 2126 barumserie
1254 2046 1493 2126 absoluentes
1512 2045 1756 2125 etabsoletos
1780 2043 1863 2124 tore

480 2161 681 2228 censentes
695 2145 902 2226 huiusmodi
928 2145 1254 2247 supplicationibus
1279 2143 1443 2224 reclinati
1465 2146 1607 2221 litteras
1621 2167 1670 2221 ac
1693 2154 1862 2222 aarum·

463 2258 519 2324 ‘et
541 2245 803 2326 ordinationem
830 2243 1036 2324 buiusmorb
1052 2244 1151 2324 'eum
1184 2245 1350 2322 decretis
1382 2244 1683 2344 derogationibus
1714 2268 1762 2321 ae
1788 2267 1863 2324 om·

479 2349 594 2427 nibus
613 2359 654 2428 el·
675 2346 835 2448 siugulis
860 2348 945 2422 aliis
970 2345 1151 2433 clausulis
1173 2349 1209 2422 in
1236 2347 1295 2421 eis
1319 2345 1503 2424 conmotis
1529 2347 1747 2422 auctoritate
1771 2365 1863 2446 apo·

479 2445 612 2527 stolioa
637 2457 766 2524 tenore
799 2447 1022 2546 presentium
1055 2446 1299 2547 approbamus
1333 2444 1472 2544 illaque
1506 2447 1698 2545 perpetuis
1729 2443 1863 2522 futuris

478 2547 702 2647 temporibus
727 2543 986 2622 inuiolabiliter
1011 2545 1202 2623 obseruari
1227 2543 1368 2623 debere
1393 2565 1536 2621 neenon
1561 2546 1620 2620 eis
1644 2555 1682 2622 el
1705 2566 1863 2645 presen-

481 2646 577 2722 tibus
602 2648 735 2722 litteris
760 2647 796 2720 in
824 2657 897 2722 toto
929 2645 991 2720 uel
1022 2668 1092 2746 pro
1143 2656 1221 2720 arte
1253 2667 1322 2744 per
1345 2665 1586 2744 quaeeunque
1617 2645 1758 2742 gratias
1791 2666 1863 2721 ex·

478 2747 684 2846 pentatiuas
710 2745 899 2846 speciales
925 2757 962 2820 et
978 2671 1179 2842 gerardos
1204 2743 1482 2838 reseruationes
1506 2764 1554 2818 ao
1571 2755 1773 2918 perpetuas
1797 2740 1861 2818 uel

478 2845 709 2946 temporales
727 2845 883 2922 uniones
916 2846 1144 2920 annexiones
1174 2844 1491 2945 incorporationes
1523 2865 1570 2918 eo

479 2943 645 3020 uisiones
672 2941 904 3020 commendas
929 2944 1191 3018 nominationes
1218 2966 1273 3020 ae
1297 2939 1515 3020 resernaudi
1549 2941 1699 3020 uniendi
1722 2963 1861 3020 anneo-

1587 2843 1742 2920 tationes
1774 2865 1861 2945 pro·
1991 2880 1992 2929 ς

479 3039 582 3114 tendi
616 3041 876 3141 incorporandi
910 3038 1130 3143 prandenti
1164 3039 1440 3120 commendandi
1474 3043 1681 3120 nominandi
1718 3054 1757 3117 et
1786 3041 1859 3118 alie
1991 3070 1992 3079 ¹

478 3138 643 3217 orandata
667 3139 864 3218 facultates
888 3138 1038 3238 gratius
1053 3137 1319 3241 dispositiones
1344 3144 1612 3221 eoncessiones
1645 3153 1684 3220 et
1718 3141 1858 3220 litteras

411 3307 414 3313 .
478 3261 697 3340 quecunque
721 3241 827 3316 etiam
852 3241 890 3314 in
914 3237 1079 3316 fauorem
1103 3264 1398 3342 quarumcunque
1427 3262 1667 3342 personarum
1693 3241 1859 3320 cuiusuis

476 3351 595 3416 status
655 3338 766 3418 radus
803 3337 1001 3416 nobilitatis
1037 3343 1300 3440 proeminentie
1333 3354 1371 3420 et
1410 3343 1595 3442 dignitatis
1626 3342 1857 3419 existentium

478 3441 584 3516 etiam
635 3438 847 3516 ardinalium
874 3463 916 3514 oe
941 3448 1144 3542 nostrorum
1160 3451 1198 3518 et
1221 3463 1485 3519 suceessorum
1509 3453 1713 3518 nostrorum
1726 3441 1857 3519 nom-

476 3561 602 3617 norum
615 3539 845 3616 Paunneium
863 3561 930 3640 pro
947 3548 1111 3642 ternpore
1128 3542 1360 3618 existentium
1373 3542 1597 3620 familiarium
1612 3542 1858 3619 oounuuomur

476 3641 768 3715 commensalium
787 3639 891 3714 etiam
914 3637 1180 3742 descriptorum
1197 3649 1235 3716 et
1251 3649 1547 3743 quorumeunque
1561 3641 1726 3718 Romane
1740 3637 1857 3719 Curio

475 3735 695 3814 officialium
722 3740 828 3814 otiam
854 3736 989 3816 Officia
1013 3765 1084 3817 sua
1107 3749 1192 3818 aeto
1223 3745 1474 3818 exercentium
1498 3752 1536 3818 et
1566 3763 1692 3817 eorum
1716 3763 1761 3817 ae
1781 3738 1857 3816 Im-

474 3839 656 3938 peratoris
681 3837 930 3938 Imperatriois
949 3839 1094 3940 Regum
1108 3842 1331 3939 Reginorum
1355 3841 1500 3918 Ducem
1527 3840 1737 3940 Principum
1751 3837 1856 3916 Mer·

475 3933 706 4013 obernum
730 3937 884 4014 aliorum
908 3939 1141 4016 Dominorum
1166 3939 1415 4040 temperalium
1439 3963 1487 4030 ae
1509 3939 1740 4016 Prelatorum
1764 3960 1855 4039 qno-

476 4057 698 4136 romennque
723 4063 776 4116 ao*
795 4057 1012 4139 quocunque
1037 4041 1112 4116 alio
1145 4052 1451 4142 quantuncunque
1476 4041 1630 4117 maximo
1667 4050 1705 4116 et
1738 4061 1853 4116 exeo-

472 4133 613 4232 gitabili
636 4139 765 4216 intuitu
790 4150 828 4216 et
852 4137 1160 4218 consideratione.
1173 4151 1211 4217 et
1236 4163 1286 4218 ex
1321 4141 1511 4244 quibusuis
1547 4141 1655 4219 etiam
1692 4139 1852 4218 munis
