4209 5034
745 1327 751 1336 .
852 1277 941 1343 tuno
961 1277 1057 1340 mco.
1101 1225 1154 1336 rr}
1178 1275 1266 1340 nan
1308 1279 1412 1340 ma.
1576 1249 1582 1256 ’

446 1473 604 1561 Pardus
641 1496 754 1585 papa
782 1474 916 1560 electo
943 1415 1156 1583 {episcopo
1191 1475 1380 1559 Johnnui
1416 1418 1690 1584 jumnem
1720 1469 1818 1559 lde-
1981 1412 1982 1483 ss

441 1617 454 1636 ‘
709 1589 836 1678 litatis
866 1593 948 1680 sibi
977 1592 1273 1719 praestandum
1301 1593 1565 1702 praescribit,

546 1839 689 1916 Paulus
714 1844 925 1944 episcopus*
939 1868 1076 1922 seruus
1099 1837 1292 1922 seruorum
1317 1839 1380 1920 dei
1391 1841 1542 1922 Dilecto
1567 1840 1642 1917 lilio
1660 1827 1847 1919 Jolnauui'

445 1939 495 2019 de
520 1940 797 2042 Werdemberg
821 1945 954 2022 Electo
979 1947 1214 2044 augustensi
1236 1942 1403 2020 Salutem
1425 1955 1464 2020 et
1492 1941 1734 2042 apostolicam
1758 1940 1822 2016 lna·

407 2074 410 2080 ·
446 2039 699 2120 nediotionem.
749 2041 842 2122 Cum
868 2069 937 2120 uos
960 2045 1103 2144 pridem
1128 2043 1293 2121 ecclesie
1309 2043 1544 2145 Augustensi
1567 2041 1739 2116 Pastoris
1763 2060 1821 2125 ref
1982 2102 1984 2141 p

307 2172 311 2202 ι
444 2141 579 2238 gimiue
614 2137 789 2218 destitute
825 2143 874 2224 de
907 2157 1161 2244 personatus
1198 2144 1306 2218 nobis
1339 2154 1378 2218 et
1408 2142 1583 2218 iratribus
1614 2142 1751 2217 uostris
1778 2137 1821 2212 ob
1870 2193 1874 2202 1

444 2255 585 2316 tuorum
611 2243 834 2341 exigentiam
860 2247 1066 2320 meritorum
1088 2254 1247 2344 accepts
1271 2241 1319 2318 de
1335 2240 1482 2316 fratrum
1507 2238 1710 2316 eorundem
1736 2259 1823 2314 ooo·

444 2337 531 2416 silio
555 2347 772 2418 auctoritate
804 2342 1009 2444 apostolica
1044 2343 1261 2418 duxerimus
1296 2339 1563 2442 prouidendum
1595 2331 1823 2440 preficiendo

443 2451 482 2515 te
506 2439 561 2556 illi
586 2440 622 2512 in
649 2439 873 2560 Episcopum
897 2456 936 2520 et
959 2445 1150 2520 Pastorem
1175 2454 1282 2542 prout
1304 2443 1343 2523 iu
1366 2443 1502 2516 uostris
1528 2434 1617 2515 iude
1640 2435 1824 2514 confectis

441 2535 573 2615 litteris
598 2537 986 2642 pleniuscontiuetur.
1025 2543 1112 2620 Nos
1134 2544 1247 2641 igitur
1270 2535 1320 2616 ad
1344 2561 1394 2614 ea
1416 2563 1489 2639 qne
1512 2533 1562 2614 ad
1584 2551 1647 2616 tue
1663 2559 1823 2614 wermo-

444 2635 567 2754 ditctis
591 2653 820 2760 augmentum
846 2643 985 2762 cedepe
1002 2643 1164 2760 ¹ualeant
1197 2639 1446 2717 innutabiliter
1478 2636 1713 2755 intendentes
1739 2637 1821 2752 ¹tuis

351 2883 400 2904 ,.
443 2735 782 2929 llllltlllti
798 2741 1137 2916 lllltllnlt
1151 2732 1823 2936 :ptttttttttlllsslil‘ltltt

443 2943 481 3010 et
504 2935 541 3008 in
561 2931 640 3008 ‘hoc
664 2937 735 3012 sibi
761 2923 1019 3012 assistentibus
1044 2935 1202 3012 Duobus
1234 2937 1297 3012 ucl
1322 2937 1461 3012 'l'ribus
1490 2933 1684 3012 catholicis
1709 2933 1822 3032 Epis·
1984 2962 1985 2999 ;

376 3037 387 3056 ”
444 3033 550 3134 cepis
575 3033 728 3110 similem
752 3037 904 3132 gratiam
929 3049 965 3112 et
999 3037 1282 3112 communionem
1315 3033 1535 3112 habentibus
1568 3057 1697 3110 munus
1731 3054 1822 3110 eon·

442 3131 663 3210 secreticnis
689 3137 767 3211 reci
795 3158 861 3210 ere
886 3133 1016 3210 uolens
1040 3156 1087 3209 sc
1112 3129 1232 3210 eidem
1255 3135 1422 3210 Antistiti
1448 3145 1602 3235 recepto
1625 3137 1730 3252 prins
1754 3153 1822 3231 per

444 3254 526 3309 eum
550 3243 677 3310 nostro
711 3245 749 3312 et
768 3159 939 3346 Romane
971 3233 1137 3308 ecclesie
1171 3235 1316 3310 nomine
1347 3257 1371 3309 s
1401 3244 1440 3308 te
1470 3230 1658 3310 fidelitatis
1699 3230 1822 3308 debito

443 3332 554 3408 solito
578 3333 780 3410 iuramento
804 3335 906 3409 iuxta
931 3330 1080 3408 formem
1105 3333 1337 3432 presentibus
1359 3345 1562 3409 annotatam
1582 3344 1711 3407 munus
1734 3351 1823 3432 pre-

443 3429 578 3508 dictum
603 3436 819 3509 auctoritsle
844 3442 971 3507 nostra
994 3431 1209 3531 impendere
1232 3431 1352 3508 libere
1387 3433 1449 3508 tibi
1473 3435 1594 3533 possit
1619 3431 1762 3533 plenam
1785 3441 1822 3505 et

443 3529 594 3608 liberam
620 3531 858 3607 concedimus
874 3531 1072 3607 eurumdem
1087 3527 1311 3631 presentium
1328 3541 1456 3630 tenore
1480 3531 1700 3610 lecultateuc
1740 3529 1822 3605 Vo-
1984 3572 1985 3575 π

442 3627 562 3706 luunus
587 3638 704 3704 antem
730 3642 768 3706 et
792 3633 1006 3706 anctoritate
1021 3631 1185 3730 predicta
1209 3631 1397 3705 statuimus
1413 3642 1450 3706 et
1474 3628 1709 3706 decemimus
1724 3625 1821 3729 quod
1984 3642 1985 3645 ‘

443 3729 477 3802 si
502 3751 573 3802 nou
600 3739 751 3828 recepto
775 3753 799 3804 a
824 3743 861 3806 te
887 3752 955 3829 per
978 3733 1095 3830 ipsum
1119 3727 1343 3830 Episcopum
1367 3728 1465 3806 dicto
1499 3732 1702 3806 iuramento
1725 3727 1819 3804 iden

443 3823 657 3925 Episcopus
691 3851 819 3905 munus
853 3831 971 3927 ipsum
1003 3829 1066 3904 tibi
1098 3825 1312 3931 impendere
1348 3840 1386 3904 et
1424 3840 1464 3903 tu
1501 3824 1595 3904 illud
1625 3831 1820 3930 suscipere

444 3926 742 4022 presumpserllis
783 3927 915 4005 dictus
960 3929 1128 4004 Autisles
1167 3953 1202 4019 lc
1249 3925 1477 4006 Pontificalis
1536 3926 1648 4004 officii
1708 3948 1821 4004 excr-

443 4022 531 4097 citio
557 4034 595 4134 pt
625 4037 695 4100 tum
730 4027 741 4100 i
770 4051 814 4104 se
851 4051 954 4127 qnam
987 4039 1025 4102 tu
1057 4028 1104 4103 ab
1137 4027 1447 4103 administratione
1478 4037 1549 4110 tam
1580 4027 1820 4130 spiritualium

445 4141 549 4219 quam
575 4135 716 4228 tempor
756 4127 825 4202 'um
852 4127 1097 4206 ecclesiarum
1121 4139 1323 4204 uestrarum
1346 4125 1528 4232 suspendi
1549 4130 1636 4205 aitis
1660 4147 1709 4203 eo
1727 4127 1818 4226 ipsa
