4209 5034
460 551 529 640 '18
896 549 918 624 ·'
1013 537 1309 654 Monumenta‘
1377 551 1438 654 T,·.=

463 786 709 864 seruationum
746 809 816 862 seu
847 785 1091 867 mandatorum
1133 786 1182 864 de
1225 757 1463 864 conterendis
1501 783 1624 886 Primo
1657 787 1828 866 namura
1925 753 1930 762 Ι

399 982 405 988 -
460 884 715 1062 prepenpiiipfiilp·
730 887 1011 1060 4³⁰¹21ti⁰⁰¹⁰⁸³³
1030 885 1236 1006 nullatenus
1255 879 1651 1060 comprehpndereptp'r
1665 884 1829 1060 boepro-
1938 887 1940 897 '

380 1097 390 1115 ν
462 1011 617 1163 citit
639 1009 814 1188 m'i'id'
835 999 1664 1194 lettlitttttblfflllddtllptl
1677 1007 1830 1162 ‘ital

464 1197 503 1262 et
528 1181 689 1286 Capituli
714 1185 958 1305 predictorum
985 1189 1091 1262 nobis
1114 1187 1184 1306 fuit
1200 1183 1383 1305 humiliter
1408 1181 1705 1356 supplicaturum
1726 1206 1830 1286 super

461 1281 535 1376 boo
567 1281 977 1400 oportunepromdere
1012 1285 1061 1362 de
1097 1286 1318 1385 benrgmtate
1351 1299 1482 1392 aposto
1500 1305 1559 1358 roa
1598 1281 1831 1376 dignaremur.

462 1379 549 1459 Nos
574 1385 684 1484 igitur
709 1409 768 1484 qur
795 1396 1020 1463 uenustatem
1041 1395 1079 1462 et
1098 1385 1270 1462 decorem
1288 1378 1833 1486 quarumcunque'eoclesiarum

345 1485 348 1490 ’
459 1494 498 1558 et
523 1486 703 1585 precipue
720 1481 993 1561 cathedralium
1016 1493 1055 1562 et
1079 1498 1119 1560 ut
1143 1487 1180 1560 in
1205 1485 1281 1560 illis
1300 1484 1423 1562 cultus
1448 1483 1596 1558 diuinus
1621 1493 1775 1576 crescat,
1798 1493 1832 1558 et

460 1577 587 1660 debite
621 1595 821 1686 peragatur
860 1576 1067 1685 suppremis
1106 1587 1314 1660 affectibus
1341 1581 1597 1664 desideramus
1636 1579 1834 1658 huiusmodi

459 1683 794 1784 supplicationibus
813 1681 990 1778 inclinati,
1016 1686 1230 1762 auctoritaie
1245 1682 1452 1785 apostolica
1471 1693 1603 1760 tenore
1618 1683 1834 1784 presentium

460 1793 642 1882 perpetuo
668 1785 857 1857 statuimus
883 1793 922 1858 et
945 1784 1171 1877 ordinamus,
1212 1783 1309 1882 quod
1337 1782 1460 1857 nullus
1485 1777 1534 1857 de
1561 1794 1690 1858 cetero
1716 1783 1833 1856 cuius·

461 1902 605 1978 cunque
641 1890 759 1956 status
798 1878 939 1979 gradum
980 1883 1169 1982 diguitatis
1193 1882 1419 1960 conditionis
1460 1880 1522 1957 uel
1555 1879 1834 1980 prebeminentie

460 1981 600 2068 existat
622 1975 671 2054 ad
696 1979 906 2080 prebendas
931 1980 1139 2071 huiusmodi
1171 1983 1303 2058 uirtute
1337 1979 1511 2056 dictarum
1527 1981 1743 2057 *litterarum
1772 1977 1833 2054 ad-

463 2079 620 2154 mittatur
644 2080 715 2153 nisi
740 2102 809 2179 per
833 2078 1042 2180 diligentem
1079 2084 1379 2157 examinationem
1412 2103 1490 2178 per
1504 2081 1738 2182 Propositum
1761 2079 1836 2154 Ile·

453 2199 594 2253 -oannm
619 2190 656 2254 et
681 2175 889 2279 Capitulum
914 2179 1016 2256 dicte
1042 2181 1208 2257 ecclesie
1238 2179 1445 2263 iaciendum
1465 2175 1680 2256 ‘secundam
1712 2189 1838 2258 statuta

462 2288 504 2353 et
525 2279 691 2376 aodqnas
716 2277 1006 2356 consuetudines
1032 2280 1131 2356 dicte
1155 2279 1324 2357 ecclesie
1357 2283 1561 2379 reperiatur
1585 2280 1686 2354 utilis
1711 2278 1836 2356 babilis

456 2387 500 2454 et
522 2373 695 2478 ydoneus
718 2380 826 2454 etiam
851 2381 886 2455 si
910 2381 948 2453 in
974 2378 1114 2456 eisdem
1148 2379 1281 2456 litteris
1305 2379 1442 2455 tuerint
1470 2381 1642 2479 apposite
1674 2375 1837 2456 clausule

457 2476 732 2576 subsequentes
756 2476 845 2552 Non
877 2479 1103 2556 obstantibus
1131 2481 1276 2556 statutis
1310 2491 1348 2556 et
1380 2477 1711 2554 consuetudinibus
1745 2475 1837 2555 dicte

458 2577 628 2652 ecclesie
651 2577 854 2652 iuramento
879 2578 1150 2656 confirmatione
1175 2579 1379 2682 apostolico
1406 2577 1468 2653 nel
1493 2601 1710 2678 quacunque
1735 2577 1838 2652 limui-

382 2698 387 2712 ’
459 2687 535 2750 tate
559 2676 632 2750 alia
657 2677 838 2761 roboratis
863 2680 1056 2754 contrariis
1083 2677 1357 2778 quibuscunque
1376 2679 1448 2753 nisi
1463 2679 1502 2752 in
1518 2679 1608 2780 ipsis
1624 2678 1836 2778 apostolicis

458 2773 711 2850 concedendis
735 2777 869 2850 litteris
901 2773 951 2852 de
982 2777 1216 2878 presentibus
1242 2797 1439 2877 eorumque
1477 2788 1606 2853 tenore
1638 2779 1690 2854 de
1729 2776 1860 2852 uerbo·
1991 2781 1992 2788 '

456 2871 508 2947 ad
530 2875 681 2948 uerbum
704 2876 883 2976 specialis
907 2877 1087 3047 specifica
1111 2888 1149 2952 et
1172 2875 1408 2952 indiuidualis
1423 2898 1470 2952 ao
1494 2898 1683 2978 expressa
1705 2900 1774 2952 non
1798 2885 1834 2950 ut

457 2974 673 3071 premittitur
704 2995 774 3074 per
806 2975 935 3048 clausu
952 2999 995 3048 as
1029 2977 1230 3073 generales
1254 2980 1386 3051 mentio
1420 2976 1481 3050 dat
1515 2975 1765 3054 decernentes
1788 2995 1837 3052 ex

458 3087 555 3146 nunc
580 3094 705 3146 omnes
730 3083 768 3148 et
791 3074 959 3165 singulos
983 3097 1186 3175 processus
1219 3098 1334 3176 super
1365 3077 1460 3175 ipsis
1492 3075 1623 3152 litteris
1657 3099 1725 3179 pro
1750 3087 1837 3152 tem·

459 3191 553 3271 pore
577 3167 719 3246 habitos
744 3181 781 3248 et
808 3173 928 3249 ineis
953 3187 1143 3248 contentas
1176 3175 1556 3250 excommnuicationis
1581 3175 1839 3276 suspensionis

323 3293 326 3298 ·
460 3281 499 3345 et
523 3269 715 3348 interdicte
740 3272 906 3372 aliasque
930 3275 1132 3348 sententias
1157 3295 1337 3349 uerrsnras
1363 3285 1401 3349 et
1425 3279 1542 3374 penas
1566 3297 1710 3350 necnon
1737 3274 1837 3375 quic·

325 3449 329 3458 ,
458 3369 547 3468 quid
574 3391 687 3445 secus
711 3397 735 3444 a
760 3395 935 3470 quoquam
960 3375 1091 3472 quouis
1115 3373 1329 3448 auctoritate
1353 3375 1516 3448 scienter
1541 3372 1602 3449 uel
1618 3377 1839 3473 ignoranter

461 3470 652 3562 contigerit
675 3473 875 3569 attemptari
896 3474 993 3546 irritu
1012 3483 1049 3546 et
1063 3474 1182 3548 inania
1198 3471 1402 3572 nulliusque
1418 3473 1560 3547 roboris
1581 3475 1640 3548 uel
1664 3471 1838 3549 momenti.

458 3566 566 3643 Nulli
591 3590 684 3664 ergo
711 3573 853 3644 omnino
874 3569 1052 3645 bominum
1078 3573 1188 3649 liceat
1205 3570 1299 3646 bano
1314 3575 1481 3673 paginam
1497 3573 1701 3648 nostrerum
1717 3571 1837 3648 stabrti

458 3667 700 3742 ordinationis
724 3680 762 3742 et
787 3665 928 3744 decreti
954 3671 1157 3771 infringere
1183 3671 1244 3747 uel
1271 3674 1306 3748 ei
1331 3695 1424 3747 ausu
1449 3675 1641 3748 temerario
1655 3673 1838 3752 contraire

457 3764 587 3864 Siquis
612 3778 728 3840 autem
760 3765 833 3842 hoo
864 3781 1076 3871 attemptare
1112 3773 1375 3872 presumpserit
1407 3771 1691 3869 indignationem
1725 3770 1839 3848 omui·

457 3866 617 3965 potentis
653 3861 715 3941 dei
747 3879 784 3943 et
816 3869 1001 3946 beatorum
1026 3870 1131 3947 Petri
1170 3885 1209 3946 et
1239 3869 1346 3946 Pauli
1381 3873 1642 3972 Apostolorum
1675 3874 1760 3948 eius
1794 3887 1838 3943 se

456 3963 602 4038 nouerit
624 3965 863 4042 incursurum.
900 3969 1031 4045 Datum
1056 3969 1213 4046 Viterbii
1241 3972 1349 4046 Anno
1368 3969 1632 4048 incarnationis
1657 3970 1838 4047 dominice

457 4059 660 4141 Millesimo
707 4067 1301 4168 quadringentesimosexagesimo
1342 4069 1509 4148 secundo
1555 4071 1837 4167 Quantosne

455 4158 655 4241 Kalendae
677 4163 772 4244 Jolii
796 4169 1035 4249 Pontificatna
1053 4171 1174 4254 ,nostri
1200 4169 1310 4248 Anno
1335 4169 1483 4266 Quane.
