4209 5034
512 505 615 594 ’386
743 644 747 654 Ι
807 557 817 572 ·
1082 493 1320 600 zIIrIbtriurn

492 732 878 912 ··Iidprrbdprreriorom
905 745 989 844 quie
1022 753 1109 838 tono
1132 767 1199 846 pro
1233 737 1443 846 eolligeodo
1474 742 1566 824 ferro
1587 727 1859 843 dertoperorioo

487 855 522 908 -·r
551 861 584 910 er
649 859 758 913 oom.

486 969 491 976 ·
525 859 550 938 p
601 936 701 1012 Item
726 940 897 1037 quelibet
913 938 1121 1022 haibbuobe
1151 938 1203 1019 de
1232 937 1415 1045 predbor
1437 941 1499 1020 dat
1515 943 1549 1022 'I-
1567 940 1756 1044 egnumio
1784 939 1863 1018 ferto

511 1033 661 1116 Pasobe
686 1050 724 1111 et
750 1061 857 1116 ouem
883 1045 918 1116 io
944 1043 1042 1133 festo
1068 1055 1195 1132 semote
1221 1044 1314 1122 tire.
1740 1061 1744 1070 '

612 1135 702 1210 Item
754 1141 890 1216 delibet
915 1144 1108 1235 solubili
1134 1144 1269 1245 pullos,

610 1161 783 1314 Itemde
817 1241 994 1340 prodietis
1029 1242 1246 1330 helbboobie
1282 1239 1368 1317 olim
1405 1239 1555 1321 merum
1587 1237 1720 1318 XXIV
1744 1259 1869 1338 qoomrr

512 1357 586 1408 voe
611 1331 731 1409 adhue
757 1342 920 1415 oesoitur
945 1342 1125 1442 reliquom
1138 1365 1232 1419 vero
1257 1340 1367 1417 habet
1386 1363 1506 1418 vern.
1532 1333 1870 1438 oeottogmmtm

513 1431 735 1634 &adddit
767 1459 811 1513 ee
838 1437 976 1518 babere
1009 1467 1076 1543 pro
1108 1442 1221 1520 feodo
1248 1441 1413 1519 oensueii
1445 1435 1497 1516 de
1521 1439 1751 1515 Mooeeterio
1773 1437 1871 1513 enodi

541 1747 549 1765 .
612 1647 703 1724 Item
729 1651 764 1728 in
790 1651 1028 1774 westepdori
1049 1664 1109 1730 est
1131 1649 1406 1772 Moleodioum,
1445 1648 1682 1772 qdod-soluit
1705 1649 1788 1726 ΙΨ*
1814 1671 1875 1725 mo-
1954 1694 1956 1795 p

513 1745 597 1821 dros
623 1772 742 1826 aueoe
775 1775 856 1826 eum
891 1752 1051 1840 drmrdro.
1101 1753 1191 1828 Item
1215 1753 1255 1828 II
1288 1752 1429 1828 modios
1453 1762 1563 1830 trrtror
1596 1759 1634 1826 et
1657 1749 1738 1826 XII
1762 1750 1874 1852 poiioe
1955 1798 1956 1853 p

512 1843 601 1920 Item
618 1870 767 1948 porcum
785 1853 965 1926 valentem
981 1853 1058 1928 VII
1075 1847 1218 1927 solidos
1241 1851 1469 1929 denariorum
1485 1847 1534 1927 ed
1550 1852 1767 1929 rrookoste·
1804 1849 1876 1923 Item
1955 1872 1956 1914 t

496 1943 589 2019 'VII
620 1947 765 2022 solidos
799 1947 1028 2026 denariorum
1070 1949 1118 2026 de
1152 1962 1255 2050 prato
1296 1953 1469 2050 ootioguo
1508 1946 1720 2028 molendino
1745 1960 1787 2025 et
1809 1942 1876 2025 CC.

512 2065 581 2118 oue
605 2039 655 2116 ed
682 2044 839 2122 Pascha.
1737 2086 1744 2096 ·

611 2156 701 2234 Item
728 2164 831 2237 curie
856 2163 1032 2240 rillio-elis
1058 2174 1115 2240 est
1138 2162 1285 2256 ibidem,
1311 2185 1383 2264 que
1418 2162 1531 2240 soluit
1554 2161 1632 2240 vll
1655 2161 1799 2240 solidos
1820 2158 1875 2238 do·
1955 2230 1956 2257 ,

511 2255 694 2345 uariorum
717 2272 754 2335 et
778 2259 857 2336 XII
882 2264 1004 2362 pullos
1030 2276 1067 2338 et
1091 2259 1164 2339 CO
1189 2285 1271 2340 oue.
1955 2266 1956 2347 ἔ

611 2355 702 2432 Item
727 2371 812 2434 sumt
835 2362 885 2436 ibi
913 2363 1070 2462 quinque
1095 2359 1279 2452 wotsber,
1314 2381 1463 2459 quorum
1487 2359 1678 2462 quodlibet
1703 2360 1811 2438 eoioit
1828 2353 1874 2433 vi

514 2453 660 2532 solidos
686 2455 925 2556 denariorum,
952 2475 1094 2538 sextam
1120 2473 1220 2539 tenet
1244 2456 1401 2559 dapifer.

611 2569 702 2648 Item
728 2585 786 2650 eet
810 2577 962 2655 taberne
985 2577 1130 2673 ibidem,
1157 2598 1228 2678 que
1252 2574 1365 2654 soluit
1385 2575 1446 2654 IX
1470 2573 1615 2652 solidos
1645 2587 1687 2652 et
1710 2573 1803 2652 XVI
1824 2566 1878 2649 de·

511 2669 636 2747 mrim
659 2671 706 2747 ed
732 2673 930 2774 boodioge.
1956 2724 1957 2733 r

609 2769 704 2846 Item
727 2773 938 2876 inElingen
964 2772 1068 2874 eetl
1092 2771 1337 2866 haoeolebem
1363 2769 1461 2876 qood
1485 2773 1600 2850 soluit
1621 2773 1664 2850 II
1690 2771 1829 2852 solidos
1849 2778 1877 2846 ot
1956 2786 1957 2789 ‘

511 2890 592 2944 oum
619 2868 785 2950 dominos
811 2867 1035 2978 Episcopus
1052 2887 1112 2950 est
1135 2877 1185 2951 ibi
1211 2865 1322 2953 debet
1348 2870 1437 2950 dere
1462 2871 1559 2950 ollae
1583 2872 1824 2952 sufficientes

608 2985 699 3065 Item
731 2992 767 3064 io
792 2986 998 3066 Osteodorf
1029 3002 1088 3066 est
1119 2993 1377 3092 pontenariam
1414 2992 1473 3092 qui
1503 2989 1567 3068 dot
1589 2989 1640 3066 X„
1678 2987 1818 3067 solidos
1838 2981 1875 3059 de

508 3091 618 3206 ponte
643 3085 722 3161 XII
747 3085 872 3187 pullos
898 3105 935 3164 et
961 3085 1044 3166 CC.
1070 3111 1141 3200 oue
1173 3101 1211 3165 et
1243 3091 1406 3190 quolibet
1430 3089 1603 3166 meosel
1634 3089 1796 3165 eoiidom
1823 3104 1874 3188 pro

508 3205 622 3282 preco.

608 3284 699 3360 Item
725 3285 761 3359 in
786 3283 1102 3363 weltriohsboveo
1128 3301 1187 3363 est
1212 3289 1316 3363 eurio
1330 3283 1542 3377 Consumis,
1568 3308 1640 3387 que
1657 3287 1777 3376 soluit
1796 3277 1875 3360 XIV

389 3499 391 3507 y
510 3381 655 3457 solidos
682 3381 908 3460 denariorum
935 3381 1017 3463 OC·
1047 3410 1119 3462 oue
1143 3401 1181 3462 et
1204 3387 1377 3464 XLVIII
1401 3387 1537 3487 pullos.
1643 3419 1650 3428 ¹

609 3499 700 3574 Item
726 3501 763 3572 in
787 3496 992 3577 Ostendori
1013 3515 1050 3578 et
1075 3506 1109 3578 io
1127 3501 1362 3581 westendorf
1383 3513 1468 3578 suot
1488 3499 1706 3602 gebreiohe,
1755 3521 1801 3576 oe
1822 3496 1877 3573 Io-

509 3599 595 3674 bemt
610 3599 645 3672 in
671 3599 846 3674 vniuerso
873 3599 981 3677 LXV
1005 3605 1148 3699 iugera,
1176 3625 1247 3702 que
1272 3603 1440 3677 coluntur
1453 3624 1523 3704 per
1547 3601 1705 3678 colonos
1740 3599 1877 3677 rectem

510 3707 547 3771 et
573 3696 848 3798 rnumqoodqoe
873 3702 981 3800 inger
1005 3705 1218 3781 seminatum
1244 3723 1324 3778 eom
1350 3703 1468 3777 tritico
1500 3701 1614 3777 eoIoit
1637 3701 1699 3776 vl
1724 3705 1880 3776 metretae

508 3793 617 3870 tritioi
643 3808 680 3870 et
706 3797 814 3895 inger
837 3805 1047 3878 seminatum
1074 3825 1154 3877 oum
1178 3821 1299 3903 emeno
1322 3801 1435 3876 soluit
1456 3799 1479 3875 1
1503 3796 1661 3876 modium
1684 3819 1815 3876 noeoe-

607 3908 697 3985 Item
730 3908 921 3996 officiatus
954 3917 1087 3993 domimi
1122 3915 1301 4016 Episcopi
1335 3913 1469 3992 ibidem
1506 3914 1618 3993 debet
1657 3914 1801 4007 bebere
1830 3909 1878 3987 III

508 4011 781 4188 mgdteaspd'fficpi'
810 4039 955 4190 qqarpim
991 4042 1064 4188 vor:
1100 4015 1207 4090 dator
1238 4013 1286 4091 de
1318 4017 1423 4092 eurio
1447 4015 1600 4094 viiiioeii
1635 4014 1808 4092 secunde
1835 4005 1876 4084 de

501 4131 542 4180 m
605 4134 714 4187 omo
778 4138 877 4191 erma
929 4139 1098 4216 epone.
