4209 5034
381 573 383 581 ’
411 545 522 634 300
857 599 862 609 -
981 546 1258 638 Monumenta.

274 768 276 777 ’
412 725 607 857 membrum
633 787 868 880 perpotmota
887 793 1002 954 gesta
1036 802 1108 857 seu
1133 790 1327 880 aeeeptata
1350 778 1441 882 lpse
1465 775 1672 858 huiusmodi
1699 781 1808 862 reiu-

412 881 543 957 siones
568 876 700 980 perdat
722 899 791 952 seu
816 901 886 980 per
913 904 979 957 ere
1004 882 1124 984 possit
1149 877 1233 957 Sed
1263 882 1300 954 iu
1325 901 1465 956 omnem
1490 892 1660 958 euentum
1685 879 1807 986 Capi·

180 1030 184 1050 .
230 985 232 992 ’
294 1065 298 1075 x
410 977 524 1055 tulum
550 974 599 1052 ad
626 976 831 1054 huiusmodi
858 981 928 1056 sibr
949 982 1132 1062 ‚tebeatun
1166 980 1257 1056 ltem
1285 978 1430 1080 qnando
1456 990 1495 1056 et
1517 984 1696 1080 quociens
1722 987 1808 1084 qui·

410 1081 471 1155 uis
497 1078 699 1153 canonieus
725 1093 922 1176 presentes
949 1079 1088 1157 babere
1125 1081 1286 1156 voluerit
1317 1082 1355 1156 in
1389 1079 1505 1156 forma
1539 1083 1623 1157 sine
1656 1084 1726 1160 sub
1749 1088 1808 1159 in·

389 1183 611 1254 ‘strumento
653 1177 801 1278 publico
848 1179 958 1272 Quod
993 1179 1190 1282 capitulum
1223 1181 1295 1255 sibi
1327 1176 1480 1256 tradere
1511 1190 1682 1259 teneatur
1713 1185 1807 1260 ltem

410 1281 618 1378 quicunque
654 1281 856 1355 narrouious
884 1280 1044 1355 voluerit
1075 1277 1214 1357 babere
1248 1281 1388 1380 eopiam
1425 1294 1685 1380 transumptum
1721 1285 1808 1358 siue

410 1377 572 1453 vitlimus
614 1378 801 1456 literarum
842 1391 1085 1480 prolaetarum
1132 1381 1401 1478 obligationum
1444 1377 1650 1455 huiusmodi
1687 1381 1806 1458 eniam

313 1478 318 1487 '
410 1473 688 1554 daretenetnr
728 1479 798 1554 sibi
848 1477 980 1555 tliotum
1023 1477 1232 1579 Capitulum
1279 1479 1327 1553 arl
1370 1501 1415 1554 se
1454 1475 1728 1556 defendendum
1766 1493 1807 1558 et
1918 1510 1922 1522 ¹

409 1573 566 1676 danrpna
598 1577 878 1677 preoauendnm'
908 1581 1079 1654 volumus
1112 1590 1231 1654 autom
1265 1581 1462 1676 presentes
1495 1577 1631 1688 tamdiu
1665 1579 1804 1656 durare

397 1699 603 1796 ,quousque
629 1677 711 1752 loro
738 1675 799 1752 nel
826 1679 919 1797 lasis
948 1677 1102 1796 eisdem
1115 1694 1154 1752 et
1172 1677 1375 1796 heredibus
1403 1678 1484 1795 suis
1507 1678 1675 1780 plenarie
1690 1678 1806 1796 luerit

411 1773 1193 1953 lllllll„bltbltllbtbllb
1208 1779 1438 1978 {bittit
1460 1778 1805 1978 titrltlttllll

263 1998 274 2037 e
411 1975 528 2064 ensis,
555 1973 608 2048 fui
635 1976 854 2074 requisitus,
888 1989 928 2052 vt
953 2001 1061 2052 vnum
1094 1977 1156 2051 uel
1192 1977 1299 2078 plura
1331 1977 1515 2079 publicum
1553 2001 1622 2053 seu
1655 1978 1804 2076 publiea

295 2135 300 2138 .
410 2073 633 2152 oonlieerem
659 2077 929 2152 instrumentum
957 2099 1026 2152 seu
1052 2079 1299 2154 instrumenta.
1348 2083 1448 2152 Aeta
1473 2093 1558 2153 suunt
1589 2075 1660 2153 beo
1690 2079 1812 2152 Anno-

411 2171 622 2250 indiooione
648 2173 859 2275 pontiliratu
886 2175 948 2252 die
974 2199 1102 2252 mense
1128 2171 1335 2261 huiusmodi
1360 2185 1399 2252 et
1423 2178 1509 2252 loeo
1532 2177 1665 2277 quibus
1690 2183 1806 2278 'supra

325 2316 327 2328 ι
411 2275 650 2374 presentibus
675 2271 951 2354 honorabilibus
979 2289 1016 2352 et
1041 2273 1216 2353 diseretis
1253 2277 1346 2351 viris
1381 2275 1553 2352 Jobanne
1578 2275 1804 2352 Miiusterlin

414 2385 453 2450 ot
480 2369 657 2449 Conrado
684 2372 855 2451 Stebelin
875 2373 1033 2458 ¹vio‘ariis
1060 2375 1165 2453 ebori
1193 2377 1361 2452 ecelesia
1387 2381 1623 2476 augustensis
1646 2377 1804 2453 testibus

412 2468 672 2576 adpremissa
696 2480 840 2553 voeatis
865 2476 1083 2577 specialiter
1108 2488 1144 2553 et
1171 2477 1323 2576 rogatis.

428 2709 431 2716 ’
513 2671 557 2750 S.
581 2671 633 2748 N.
683 2671 733 2748 m
771 2698 845 2774 ego
879 2673 1074 2753 Jobannes
1112 2673 1304 2776 grunbach
1346 2671 1510 2750 alericus
1547 2672 1805 2770 Angustensis

410 2765 579 2846 dioensis
603 2771 776 2872 publious
802 2775 979 2875 imperiali
1004 2779 1222 2853 auctoritate
1260 2773 1443 2849 Notarius
1476 2773 1572 2865 Quia
1604 2771 1714 2850 dietis
1740 2792 1805 2848 re·

410 2869 633 2967 eognieions
659 2873 897 2972 omnibusque
933 2875 1017 2949 aliis
1054 2887 1093 2950 et
1124 2873 1284 2973 siugulis
1317 2869 1402 2948 dnm
1438 2874 1495 2949 sio
1520 2873 1803 2972 utpremittitur

408 2989 532 3044 eoram
569 2991 625 3044 me
660 2969 790 3048 fierent
823 2985 858 3048 et
893 2986 1094 3073 agerentur
1126 2999 1199 3048 vna
1232 2997 1313 3050 oum
1347 2974 1605 3075 prenominatis
1640 2972 1802 3048 testibus

381 3071 384 3076 '
408 3089 569 3170 presens
594 3069 744 3147 interfui
771 3071 901 3173 ltlaque
928 3074 985 3148 sio
1014 3076 1131 3150 omnia
1155 3073 1237 3147 lieri
1272 3072 1350 3148 virli
1387 3083 1425 3148 et
1458 3071 1584 3149 audiui
1609 3066 1704 3148 Ideo
1729 3069 1805 3148 boe

408 3189 568 3287 presens
619 3171 779 3249 ublioum
804 3173 1077 3250 instrumentum
1101 3195 1210 3249 maon
1236 3195 1317 3249 mea
1339 3173 1492 3273 propria
1510 3167 1714 3248 scribendo
1730 3195 1806 3248 ex·

408 3266 497 3344 unde
523 3195 669 3347 ro'nsseoi
710 3283 745 3347 et
778 3274 820 3346 in
849 3270 945 3347 bano
978 3275 1159 3375 publicam
1192 3272 1341 3349 formam
1377 3267 1510 3372 redegi
1535 3269 1730 3372 Signaque
1765 3278 1805 3346 et

410 3370 552 3444 nomine
579 3373 669 3447 meis
695 3371 815 3448 solitis
842 3386 879 3449 et
902 3377 1093 3453 consuetis
1118 3375 1267 3475 signaui
1293 3382 1447 3472 rogatus
1473 3383 1510 3447 et
1536 3373 1738 3472 requisitus
1761 3371 1805 3445 in

409 3464 519 3542 iidem
546 3473 785 3548 testimonium
812 3475 965 3550 omnium
992 3487 1027 3551 et
1052 3477 1278 3587 singulorum
1304 3474 1576 3574 premissorum.
1653 3471 1656 3479 ’

1001 3796 1212 3814 ...n-d-—u
