4209 5034
589 455 590 461 ¹
701 467 969 661 episcopatos
997 447 1257 672 sapuerant.

788 1065 790 1072 ,
926 943 1074 1126 xxc.
1195 1049 1201 1058 .

758 1206 965 1276 Auro-tm.
1010 1142 1250 1284 tonum-c

309 1402 598 1514 Incorporatto
630 1403 835 1490 ecclesiae
862 1405 905 1490 in
933 1401 1105 1492 Gnatae
1131 1370 1387 1496 monasteria
1417 1414 1694 1505 Ottabnronsi

780 1523 965 1640 al’ctro
994 1538 1077 1632 epo
1106 1519 1229 1610 lacte„

412 1759 454 1836 ln
482 1757 614 1836 nomini
640 1731 775 1836 domini
800 1757 920 1834 Amen
945 1755 1032 1835 Nos
1058 1757 1269 1840 wilhelmus
1284 1759 1416 1840 Abbas
1426 1759 1571 1840 Paulus
1596 1763 1696 1862 prior

171 1905 177 1916 -
309 1869 478 1958 totusque
516 1855 734 1936 Conuentns
768 1855 989 1934 Monasterii
1031 1859 1069 1934 in
1110 1858 1340 1938 Ottenbnreu
1373 1859 1524 1940 Ordinis
1562 1857 1694 1940 Sancti

312 1958 503 2038 Benedicti
528 1957 781 2058 Augustensis
806 1952 988 2058 dyocesis
1012 1956 1151 2035 Notum
1176 1957 1332 2038 facimus
1354 1963 1563 2054 coiret-sis,
1595 1959 1694 2064 qnod

313 2082 392 2140 cnm
417 2057 512 2134 alias
549 2057 883 2134 renerendissimns
913 2071 1020 2160 pater
1055 2067 1092 2134 et
1123 2053 1290 2137 domium
1326 2074 1453 2138 noster
1484 2063 1695 2162 graciane,

314 2157 479 2256 dominus
512 2155 647 2234 Petrus
682 2157 927 2234 miseracione
960 2155 1086 2234 diuina
1119 2159 1210 2242 tituli
1236 2156 1365 2238 Sancti
1392 2162 1517 2240 vitalis
1551 2157 1694 2238 Sacro·=

313 2256 450 2336 Sancte
467 2257 627 2332 Romane
654 2257 820 2332 ecclesie
845 2254 1042 2355 presbyter
1060 2251 1272 2334 cardinalia
1297 2271 1335 2338 et
1359 2261 1565 2362 apostolice
1590 2257 1697 2335 sedis

312 2357 553 2458 permissione
578 2354 793 2456 Episcopus
819 2355 1073 2453 Augustensis
1097 2356 1278 2454 specialis
1309 2361 1428 2456 gratie
1451 2359 1583 2434 fanore
1607 2356 1697 2434 Nos

312 2467 351 2532 et
362 2454 626 2532 Monasterium
640 2463 800 2530 nostrum
811 2475 1043 2554 prosequens
1057 2463 1094 2529 et
1105 2457 1549 2552 oportunitatibnanostria
1558 2456 1696 2532 libera·

311 2557 396 2632 liter
420 2553 622 2655 prouidens
657 2552 857 2629 ecclesiam
887 2549 1138 2654 parochialem
1167 2555 1205 2628 in
1232 2553 1380 2630 Guntae
1410 2579 1482 2632 sne
1517 2553 1698 2655 dyocesis

312 2651 362 2730 ad
387 2665 545 2730 nostram
571 2651 810 2727 collacionem
835 2659 1081 2750 spectantem,
1118 2651 1226 2726 nobis
1259 2662 1298 2729 et
1322 2647 1421 2732 dicto
1456 2666 1583 2728 nostro
1606 2651 1698 2728 nto-

313 2754 475 2830 nasterio
501 2751 650 2828 duxerit
675 2752 848 2850 graciose
873 2745 1080 2842 uniendam,
1106 2762 1144 2825 et
1167 2751 1467 2854 incorporandam
1517 2761 1600 2827 root
1623 2749 1698 2828 beo

313 2853 349 2927 in
365 2851 497 2928 litteris
521 2871 592 2926 sne
619 2845 834 2926 donacionis
851 2847 1016 2948 desuper
1041 2846 1220 2925 coniectis
1236 2861 1273 2927 et
1292 2852 1398 2927 nobis
1417 2865 1474 2928 tra
1500 2854 1561 2927 itis
1575 2849 1697 2928 lacius

315 2952 520 3028 continetur
542 2947 629 3026 Nos
656 2947 704 3026 de
729 2957 829 3026 tanto
854 2948 961 3024 nobis
993 2949 1159 3048 impenso
1191 2949 1370 3028 beneficio
1396 2950 1496 3028 dicto
1520 2972 1698 3028 reneren-

316 3045 467 3126 dissimo
493 3043 637 3124 domino
664 3063 789 3124 nostro
815 3047 1018 3146 condignas
1049 3049 1255 3145 graciarum
1290 3051 1456 3129 actiones
1481 3051 1524 3126 ln
1552 3047 1697 3127 dondno

314 3149 510 3226 referimus
525 3171 700 3248 sciamque
727 3145 965 3224 dornacionem
988 3149 1202 3249 participem
1226 3145 1382 3225 facimus
1399 3151 1588 3226 missarum
1605 3157 1699 3225 'ora-
1774 3180 1778 3186 ·
1829 3144 1833 3150 ’

313 3249 449 3325 tionum
473 3247 681 3346 vigiliarum
714 3259 752 3322 et
784 3246 936 3322 aliarum
968 3245 1144 3324 bonorum
1178 3269 1330 3348 opernm
1363 3269 1435 3344 one
1471 3273 1542 3350 per
1565 3263 1636 3326 uos
1658 3257 1698 3322 et

314 3370 561 3425 successores
578 3360 725 3422 nostros
742 3347 889 3448 operari
915 3345 1125 3440 dignabitur
1144 3346 1347 3422 clemencia
1370 3348 1582 3438 saluatoris,
1607 3367 1699 3448 spe·

315 3445 441 3524 rantes
465 3441 614 3522 indubie
628 3441 725 3545 quod
741 3443 879 3521 exinde
900 3445 947 3520 ab
964 3445 1116 3518 omnium
1131 3445 1349 3521 retributore
1367 3455 1495 3520 eterne
1509 3447 1585 3521 vite
1611 3465 1699 3546 pre-

188 3543 194 3551 “
318 3549 423 3624 mium
456 3543 609 3644 largiter
641 3555 889 3644 consequetur
913 3541 977 3622 No
1003 3555 1120 3618 tamen
1155 3538 1196 3618 id
1232 3542 1330 3642 quod
1364 3543 1471 3627 nobis
1504 3566 1701 3648 perseam

315 3645 555 3724 donacionem
582 3644 926 3723 reuerendissimam
953 3641 999 3718 ob
1037 3643 1203 3720 fauorem
1234 3641 1437 3743 specialem
1461 3645 1637 3744 graciose
1660 3652 1701 3720 et

314 3743 520 3824 liberaliter
544 3739 711 3820 donatum
738 3759 775 3820 et
800 3765 1018 3820 concessum
1043 3753 1121 3834 eat,
1145 3741 1183 3816 in
1206 3743 1326 3842 ipsius
1350 3754 1412 3818 ant
1437 3766 1584 3820 suornm
1610 3764 1700 3820 soo-

317 3869 507 3922 cessorum
533 3846 594 3920 uel
621 3843 787 3920 ecclesie
814 3866 883 3920 suc
905 3838 1117 3928 venerande
1144 3837 1374 3944 dispendium
1392 3837 1542 3946 aliquod
1565 3840 1700 3920 futuris

316 3944 540 4048 temporibus
566 3943 690 4020 valeat
711 3944 942 4042 aliquatenus
968 3937 1181 4016 redundare
1206 3966 1273 4044 pro
1299 3942 1405 4021 nobis
1431 3957 1468 4018 et
1495 3963 1700 4021 successo·
1845 3989 1850 4012 .

318 4045 419 4122 ribus
445 4043 581 4120 nostris
606 4041 760 4118 fatemur
794 4065 838 4120 ac
871 4042 1177 4142 recognoscimus
1194 4041 1359 4144 publice
1393 4066 1471 4148 per.
1492 4054 1701 4144 presentes,

270 4259 276 4274 Ι
318 4142 416 4244 qnod
430 4143 590 4262 quolibet
604 4141 819 4220 vacaciouis
834 4151 996 4246 tempore
1014 4139 1114 4218 dicte
1127 4139 1293 4220 ecclesie
1307 4144 1481 4222 innuente
1500 4140 1702 4246 debeam
1822 4167 1829 4178 ·
