4209 5034
671 457 948 634 episcopanos
977 484 1240 645 Augustani.
1417 640 1421 647 ι
1492 482 1493 491 Ν
1582 522 1684 609 223

290 754 527 859 supradictos
552 768 591 831 et
609 764 770 832 mrum
793 758 990 860 qnenrlibet
1014 756 1231 835 insolidum
1257 758 1535 875 requirimus'et
1559 782 1686 835 mone-

293 881 375 934 nus
400 856 524 932 Primo
547 852 728 933 Secundo
755 858 894 935 Teroio
918 871 955 935 et
971 860 1218 963 peremptorie
1234 858 1414 959 vobisque
1430 856 1684 935 niebilourinus

293 969 333 1035 et
357 969 519 1034 restrum
545 953 698 1034 cuilibet
728 958 767 1031 in
797 960 930 1035 virtute
964 974 1094 1035 sancte
1126 956 1347 1049 obediencie
1373 972 1410 1033 et
1434 959 1504 1035 snb
1531 979 1684 1035 exeom-

291 1057 549 1133 rnnnieationis
583 1078 679 1158 pena
711 1082 815 1157 qnam
847 1060 885 1133 in
913 1058 993 1135 Vos
1026 1070 1065 1135 et
1096 1074 1260 1136 restrum
1286 1058 1481 1157 quemlibet
1507 1062 1684 1135 canoniea

292 1158 506 1332 ”bille
525 1156 706 1333 little:
739 1157 970 1335 ‘filebi
992 1156 1567 1349 'bellifollelffllll
1611 1158 1686 1336 ”ll

292 1283 437 1433 diemo
461 1358 627 1458 spaeion
650 1283 1077 1458 posdpreionsoouom
1109 1382 1179 1435 seu
1213 1356 1501 1433 nutilioaoiooenr
1526 1381 1684 1459 presen-

292 1460 391 1535 eiunr
414 1456 524 1532 robis
556 1478 626 1531 sen
659 1456 766 1533 alteri
791 1470 953 1535 vestrum
987 1456 1110 1535 laetas
1143 1453 1340 1535 inrnediate
1376 1458 1614 1557 sequeneiunr
1648 1468 1686 1534 et

278 1553 381 1633 siun
406 1578 521 1657 super
544 1553 618 1633 boe
653 1580 721 1659 pro
756 1570 861 1659 parte
894 1557 1071 1635 dietoruur
1105 1556 1337 1634 dominorum·
1352 1550 1622 1633 Canonieorom
1648 1569 1685 1635 et
1844 1616 1845 1625 ,

293 1656 459 1759 0ψίωῆ
484 1654 629 1731 fueritis
654 1659 820 1757 requisiti
853 1680 922 1733 seu
955 1658 1050 1734 alter
1080 1670 1241 1734 vestrnrn
1266 1656 1378 1733 luerit
1404 1658 1603 1756 requisitus
1628 1656 1687 1733 lta

292 1768 413 1833 tenen
440 1750 540 1857 qnod
564 1757 601 1830 in
626 1753 700 1831 biis
724 1757 962 1859 exequendis
983 1781 1081 1832 rnns
1103 1772 1262 1835 restrum
1289 1756 1395 1833 aliurn
1420 1780 1491 1833 non
1509 1768 1686 1858 expectet
1853 1798 1858 1808 x

289 1880 366 1935 nee
390 1877 489 1930 unus
514 1879 581 1957 pro
604 1854 677 1933 alio
701 1880 746 1932 se
786 1874 969 1952 excuset,
1003 1856 1167 1948 Quorum
1203 1881 1276 1935 sex
1310 1856 1452 1931 dierum
1489 1856 1584 1933 duos
1617 1880 1684 1958 pro

289 1958 410 2060 primo
436 1952 532 2031 duos
557 1978 624 2057 pro
650 1952 830 2033 Secundo
864 1968 901 2035 et
926 1958 1093 2058 reliquos
1119 1957 1214 2033 dnos
1240 1954 1324 2033 dies
1351 1956 1473 2031 Vobis
1498 1958 1685 2033 uniuersis

292 2054 1587 2257 beleb:„elabentelss‘lle‘l‘btt’lllnebel
1606 2079 1687 2233 ll:

294 2268 368 2332 taur
393 2254 550 2355 pareilal
575 2253 800 2333 Marsebalk
819 2254 869 2334 de
888 2184 1169 2357 Ddinensperg,
1196 2280 1247 2333 ex
1263 2254 1426 2332 aduersu
1447 2256 1686 2356 principalem

296 2358 333 2431 in
358 2357 444 2431 eius
469 2355 616 2456 propria
639 2378 803 2456 persona
832 2356 1023 2433 accedatis
1053 2359 1089 2431 si
1121 2358 1241 2456 ipsius
1273 2358 1504 2457 presenciam
1536 2350 1687 2429 comode

299 2452 437 2533 babere
462 2454 630 2555 poteritis
654 2455 831 2554 Alioquin
862 2458 901 2530 in
925 2455 1095 2555 bospieio
1120 2453 1353 2531 habitationis
1385 2476 1455 2529 sne
1493 2456 1526 2527 si
1561 2453 1609 2527 ad
1649 2448 1689 2527 id

306 2556 407 2630 robis
431 2564 533 2631 tutus
556 2566 680 2657 petent
704 2578 883 2631 accessus
917 2568 955 2632 et
986 2559 1022 2631 ia
1052 2552 1275 2656 parroebiali
1302 2577 1371 2630 eeu
1396 2549 1689 2656 parrochialibus

309 2654 467 2731 eeclesia
492 2677 564 2731 seu
588 2653 768 2730 eeclesiis
807 2654 877 2731 sub
917 2678 988 2756 qua
1025 2654 1089 2729 uel
1123 2653 1254 2753 quibus
1281 2654 1420 2755 degunt
1445 2666 1483 2729 et
1507 2664 1691 2727 morantur

301 2750 369 2831 en
392 2767 514 2831 auteur
538 2756 576 2829 in
603 2750 821 2836 Catbedrali
843 2754 1076 2855 Angustensi
1103 2766 1140 2829 et
1164 2752 1386 2855 parrochiali
1411 2775 1481 2829 sen
1523 2750 1688 2828 enochi·

296 2854 419 2931 alibus
444 2854 625 2933 eeclesiis
648 2850 845 2931 antedictis
870 2856 1004 2931 aliim
1030 2852 1203 2931 ecelesiis
1237 2866 1273 2931 et
1299 2854 1394 2931 loeis
1419 2778 1578 2955 publicis
1605 2850 1688 2927 dunr

295 2954 434 3031 ibidem
459 2952 587 3057 populi
613 2954 801 3031 nrultitudo
827 2953 876 3031 ad
902 2954 1027 3031 diuina
1060 2950 1279 3029 audiendum
1311 2964 1373 3030 aut
1405 2954 1501 3029 elias
1527 2974 1688 3051 congre·

325 3158 336 3174 ⁰
409 3054 522 3130 luerit
544 3054 606 3175 rbi
633 3053 779 3155 quando
805 3066 843 3131 et
866 3057 1045 3174 quociens
1064 3054 1274 3233 expediens
1299 3053 1413 3172 luerit
1438 3062 1562 3171 etpro
1585 3064 1688 3155 parte

296 3152 733 3353 emesam
749 3151 1129 3331 {zenonem
1144 3155 1271 3329 ‘nel
1298 3153 1688 3353 eserenon
1797 3254 1804 3267 -

297 3356 375 3432 alta
400 3364 439 3430 et
460 3351 682 3451 intelligibili
707 3376 802 3429 voce
828 3376 880 3429 ex
905 3365 1008 3454 parte
1035 3367 1161 3429 nostra
1184 3376 1302 3455 ymmo
1327 3354 1457 3428 verius
1482 3350 1690 3469 apostoliea

299 3466 339 3532 et
374 3451 596 3529 huiusmodi·
618 3455 718 3529 saeri
751 3448 1057 3530 Constaodiensis
1097 3450 1258 3530 Consilii
1291 3459 1537 3555 peremptorre
1575 3454 1691 3527 citare

295 3554 442 3635 enretis
467 3575 560 3653 quos
586 3575 660 3627 nos·
678 3554 796 3629 eeianr
821 3565 950 3629 tenore
972 3554 1208 3655 presencium
1241 3554 1299 3628 sie
1333 3554 1485 3628 eitanrns
1510 3550 1575 3625 lta*
1592 3546 1691 3651 qnod

293 3652 504 3730 verisimile
527 3654 576 3728 sit
598 3654 815 3729 eitaeionenr
840 3668 998 3729 nostram
1023 3648 1230 3730 huiusmodi
1263 3646 1311 3727 ad
1336 3655 1498 3755 ipsorum
1525 3649 1691 3726 nitendo-

294 3776 380 3832 ranr
403 3753 573 3829 notieianr
596 3756 826 3853 peruenisse.
858 3752 1049 3847 Quatenus
1079 3752 1266 3831 vicesima
1292 3748 1354 3828 die
1378 3762 1462 3853 post
1486 3748 1693 3827 huiusmodi

295 3864 463 3931 vestran
488 3854 704 3930 eitaeioneur
735 3876 807 3956 per
836 3876 909 3930 vos
933 3876 1003 3929 seu
1028 3851 1182 3930 alterurn
1207 3863 1371 3929 vestrum
1398 3853 1454 3929 eis
1480 3848 1611 3926 lactan
1636 3852 1695 3925 in·

298 3953 462 4033 mediate
486 3954 655 4053 sequenti
687 3951 733 4030 si
765 3952 849 4031 dies
883 3954 968 4056 ipss
991 3954 1173 4030 vicesima
1208 3950 1377 4031 Juridics
1409 3950 1522 4029 luerit
1554 3960 1592 4027 et
1625 3974 1693 4026 nus

300 4053 369 4131 uel
392 4054 503 4130 alteri·
522 4052 652 4129 forsan
674 4051 760 4131 loeo
786 4065 988 4131 nostrorum
1012 4052 1246 4155 surrogaudi
1267 4048 1427 4129 Judieee
1453 4063 1491 4127 et
1511 4046 1694 4126 Commis-

302 4156 396 4231 serii
414 4150 588 4253 Μυῖα
611 4150 839 4231 reddendum
870 4178 939 4258 pro
976 4152 1146 4231 tribunali
1178 4152 1387 4233 sederimus
1423 4174 1494 4229 seu
1527 4147 1697 4225 sederint
1725 4149 1728 4160 '
