4209 5034
275 431 282 464 ‘
399 473 508 563 use
973 474 1245 565 monumenta
1334 600 1341 615 ⁶

409 708 547 787 domiui
591 706 782 787 Burkardi
824 708 1008 813 Episcopi
1051 710 1307 811 Augustensis
1354 704 1642 810 predecessoris
1684 706 1803 781 nostri

250 889 254 895 .
407 812 524 890 cessit
549 817 586 885 et
611 814 666 886 eis
691 804 880 887 abdicauit
904 823 941 887 et
966 812 1195 889 rennnciauit
1226 822 1262 886 et
1297 832 1378 885 enm
1411 806 1483 882 hoc
1513 804 1615 883 dedit
1650 806 1687 881 in
1718 806 1802 883 lle-

407 933 642 1013 compensum
666 910 902 1013 prepositure
928 911 1100 987 iamdicte
1124 910 1236 987 Mille
1270 920 1307 986 et
1333 905 1515 984 ducentos
1540 905 1703 985 florenos
1728 930 1799 1005 pro

409 1012 542 1112 quibus
575 1022 694 1111 empte
726 1022 811 1085 sunt
843 1010 987 1087 decime
1019 1010 1115 1086 inira
1150 1010 1340 1110 descripte
1372 1006 1552 1083 videlicet
1580 1028 1634 1081 ex
1668 1008 1799 1105 viginti

255 1164 268 1192 t
412 1134 486 1187 sex
509 1108 634 1184 feodis
659 1112 696 1184 in
721 1107 974 1209 lllenchiagen
1001 1132 1052 1186 ex
1077 1112 1224 1210 triginta
1250 1112 1408 1210 quinque
1425 1105 1630 1207 Jugerilrns
1655 1106 1692 1179 in
1716 1105 1802 1180 llil·
1905 1178 1909 1186 ,

407 1208 572 1308 diligen,
597 1231 741 1284 necnon
767 1233 818 1285 ex
844 1232 915 1284 sex
939 1210 1066 1286 feodis
1092 1212 1128 1285 in
1155 1212 1347 1305 weringeri
1372 1218 1481 1310 prout
1504 1205 1635 1281 eedem
1654 1199 1801 1281 decime

294 1352 305 1361 ·
408 1330 491 1384 cunr
516 1307 640 1385 feodis
674 1320 711 1385 et
735 1306 942 1408 Jugeribus
976 1334 1023 1386 sc
1057 1310 1263 1387 numinibus
1289 1310 1448 1411 propriis
1475 1328 1602 1385 eurum
1635 1306 1697 1407 qui
1729 1307 1802 1381 iam

408 1430 477 1511 pro
504 1421 666 1511 tempore
692 1411 796 1509 ipsas
823 1409 986 1486 decimas
1014 1410 1101 1487 dant
1126 1433 1197 1487 seu
1221 1406 1335 1485 feoda
1362 1420 1399 1485 et
1424 1406 1568 1506 Jugera
1591 1406 1802 1525 prescripta

411 1508 533 1583 colunt
567 1510 603 1582 iu
636 1508 826 1608 Registris
860 1506 1022 1612 Capituli
1056 1513 1171 1587 nostri
1203 1509 1362 1613 predicti
1401 1506 1549 1609 plenius
1587 1518 1623 1581 et
1660 1504 1802 1581 clarius

409 1609 656 1700 continentur,
688 1634 779 1709 quas
805 1605 951 1708 quidem
977 1611 1141 1687 decimas
1167 1606 1264 1687 idem
1290 1604 1499 1711 Capitulum
1526 1620 1689 1681 nostrum
1714 1628 1802 1705 pre-

410 1709 544 1783 dictum
569 1706 617 1781 ad
642 1730 687 1783 se
714 1711 855 1810 recepit
880 1721 918 1785 et
943 1712 979 1784 iu
1006 1734 1282 1810 recompensam
1309 1720 1345 1785 et
1371 1707 1594 1785 refusionem
1620 1705 1803 1781 fructuum

408 1806 647 1907 prepositure
670 1807 840 1907 predicte
866 1809 1010 1909 pretato
1044 1810 1189 1885 domino
1215 1810 1393 1886 lluinrico
1428 1806 1477 1882 de
1503 1803 1682 1883 llllrbach
1716 1804 1804 1881 daut

409 1904 571 2004 siugulis
597 1910 704 1983 aunis
730 1910 991 2007 quinquaginta
1014 1933 1088 1986 sex
1108 1911 1271 1985 florenos
1291 1910 1477 1985 Rinenses
1494 1906 1590 1983 Jure
1612 1904 1802 2007 personali

409 2027 480 2107 pro
504 2016 669 2106 tempore
694 2009 771 2083 rite
804 2030 875 2083 sue
901 2020 939 2084 et
963 2033 1034 2085 raon
1049 2010 1157 2085 ‘vltra
1182 2033 1253 2086 nec
1277 2011 1434 2111 amplius
1461 2004 1702 2107 quonismudo
1729 2028 1802 2107 que

411 2104 530 2194 omnia
551 2108 736 2207 premissa
767 2117 851 2201 suut
884 2108 1068 2207 emulgata
1098 2111 1300 2212 approbata
1332 2118 1484 2210 recepta
1519 2118 1556 2183 et
1590 2104 1801 2182 confirmata

410 2225 481 2305 per
498 2199 680 2280 dominum
694 2205 929 2283 Burlrardum
946 2231 1042 2309 sepe
1061 2206 1193 2286 dictum
1214 2222 1250 2285 et
1265 2206 1473 2312 Capitulum
1487 2216 1616 2283 nostre
1633 2206 1802 2283 ecclesie

415 2306 655 2402 augustensis
680 2305 884 2407 predictum
910 2304 1004 2383 Cum
1028 2311 1140 2407 igitur
1165 2312 1345 2411 premissa
1365 2311 1425 2383 sio
1445 2318 1598 2408 peracta
1614 2302 1801 2408 pondera-

411 2405 510 2481 verit
534 2403 700 2497 prudcns
725 2403 906 2507 prouidus
931 2418 971 2485 et
995 2406 1182 2486 discretus
1215 2412 1275 2486 vir
1308 2408 1474 2488 dontinus
1505 2408 1649 2483 ulricus
1676 2408 1803 2507 Burg-

412 2504 534 2603 grauii
560 2515 687 2581 nostre
712 2508 881 2584 ecclesie
905 2512 1145 2607 augustensis
1180 2506 1373 2613 sepedicto
1399 2502 1565 2586 decanus
1589 2506 1803 2583 Atteudens

411 2615 450 2680 et
482 2604 727 2681 considerans
811 2607 860 2682 od
893 2609 1032 2685 utilitas
1074 2613 1188 2686 maior
1227 2624 1285 2687 est
1327 2610 1472 2711 private
1504 2605 1729 2709 preferenda
1764 2616 1804 2683 et

413 2702 625 2803 ponderans
651 2703 748 2803 quod
762 2633 988 2809 {piscopos
1013 2713 1254 2809 augustensis
1287 2713 1348 2807 qui
1381 2733 1451 2810 pro
1483 2718 1647 2811 tempore
1673 2708 1803 2782 existit

412 2824 464 2879 ex
488 2802 728 2879 ordinacione
752 2816 920 2907 protacta
945 2818 1066 2906 potest
1090 2820 1223 2885 tantum
1248 2812 1310 2885 vni
1336 2811 1513 2911 canonico
1538 2805 1738 2909 prouidere
1764 2817 1803 2883 et

409 2898 556 2976 tructus
582 2898 802 2980 decimarum
827 2901 1073 3005 predictarum
1105 2909 1189 2984 loco
1221 2912 1456 3013 prepositure
1488 2906 1703 3009 supradicte
1728 2906 1816 2983 sibi

412 3020 482 3099 pro
508 3010 672 3101 tempore
698 3004 774 3079 vite
798 3027 870 3081 sue
894 3004 1068 3082 conferre
1093 3004 1239 3084 Melius
1263 3024 1300 3085 et
1324 3010 1451 3085 rtilins
1477 3032 1567 3086 esse
1591 3019 1631 3083 vt
1655 3006 1801 3082 fructus

413 3098 635 3175 decimarum
661 3102 922 3181 antedictarum
958 3130 1030 3181 non
1064 3118 1194 3183 tantum
1228 3136 1324 3185 unus
1350 3110 1492 3187 leuaret
1524 3121 1560 3183 et
1591 3108 1802 3209 perciperet

411 3195 483 3275 sed
509 3198 608 3275 multi
636 3201 935 3283 cousulacionem
961 3208 1173 3309 reciperent
1207 3220 1243 3285 et
1278 3208 1455 3288 haberent
1480 3204 1671 3307 Cogitauit
1706 3208 1802 3283 bene

412 3312 450 3375 et
474 3301 537 3400 pie
575 3297 672 3400 quod
706 3306 877 3404 premissi
914 3304 1136 3384 decimarum
1168 3308 1311 3385 fructus
1344 3306 1600 3384 diuiderentur
1634 3309 1671 3381 in
1705 3330 1801 3381 usus

411 3400 567 3476 omnium
593 3398 865 3481 Carionicornm
899 3430 1004 3505 quarn
1036 3410 1075 3483 in
1107 3434 1213 3483 vsum
1246 3412 1357 3485 vuius
1384 3406 1563 3485 Canonici
1594 3416 1728 3483 tautum
1763 3416 1802 3482 et

410 3501 470 3574 sic
500 3522 570 3600 per
602 3504 885 3603 inspiraciouem
925 3509 1050 3607 vtique
1093 3506 1251 3587 diuinam
1284 3508 1466 3585 ordinauit
1501 3503 1600 3607 quod
1634 3504 1801 3609 prelatas

411 3596 576 3673 decimas
601 3612 640 3675 et
663 3604 862 3681 earundem
885 3604 1029 3683 fructus
1055 3610 1250 3709 percipere
1273 3608 1412 3687 hebere
1440 3618 1477 3684 et
1496 3608 1625 3683 leuare
1644 3602 1801 3682 deberet

339 3736 359 3759 x
412 3695 594 3800 deinceps
618 3696 829 3820 Capitulum
852 3718 1015 3782 nostrum
1038 3706 1246 3808 predictum
1280 3732 1346 3811 pro
1378 3722 1542 3809 tempore
1566 3708 1643 3782 rite
1668 3704 1804 3807 prelati

411 3792 546 3871 domini
569 3797 724 3881 lrainrrci
749 3806 893 3905 sibique
917 3827 1073 3882 annuam
1102 3832 1272 3885 summam
1304 3810 1524 3885 florenorum
1548 3806 1800 3906 predictorum

413 3894 462 3971 de
488 3895 631 3973 eisdem
657 3905 917 4003 porrigerent
968 3906 1138 3983 refertur.
1189 3908 1239 3985 Et
1271 3922 1355 4010 post
1385 3920 1535 3985 mortem
1559 3904 1625 3983 rel
1719 3916 1801 3981 ntu-

409 4018 516 4071 uuum
540 4002 750 4077 cessionem
773 4007 892 4104 ipsius
945 4008 1100 4086 eberent
1114 4006 1390 4111 sepedictorum
1415 4010 1635 4085 decimarum
1674 4016 1801 4082 ructus

406 4098 444 4171 si
471 4094 637 4245 decanus
661 4114 790 4181 noster
813 4104 1021 4183 antedictus
1045 4121 1132 4209 post
1160 4118 1306 4185 mortem
1339 4110 1404 4187 vel
1430 4110 1640 4185 cessionem
1666 4102 1801 4209 domini
