4209 5034
419 565 602 659 82*
703 580 711 594 ’
1038 523 1449 674 Monumenta1.·..4
1587 549 1593 552 ”

393 881 399 888 .
464 804 504 880 in
525 797 599 877 bac
621 807 727 913 parte
742 793 980 876 sentenciam
999 796 1450 916 -exoomntpeiqattqcia'in
1472 789 1584 918 (Μία
1598 796 1834 971 precessit!
1989 848 1990 855 .

422 919 428 930 ‘
465 903 573 979 latam
598 913 637 976 et
659 898 918 1000 promulgatam
944 894 1216 974 declarantmns
1248 895 1426 973 tncttltsse
1456 919 1503 972 ao
1528 920 1566 970 rn
1621 920 1672 998 ys
1691 909 1835 1000 scrrptrs

466 997 698 1079 declaramus
724 997 909 1089 Quocirca
935 998 1042 1074 robis
1067 998 1239 1090 omnibns
1267 1008 1306 1073 et
1336 993 1496 1096 singulis
1526 993 1751 1100 supradictis
1781 997 1838 1098 qri

466 1100 702 1210 presentibus
715 1100 851 1173 nostris
868 1097 990 1208 literis
995 1095 1149 1173 ineritis
1166 1097 1409 1196 requisitioni
1434 1096 1531 1173 alter
1548 1107 1712 1174 vestrum
1734 1094 1840 1174 luerit

396 1227 400 1235 ¹
466 1202 667 1378 acquisitus
698 1198 913 1316 auctoritate
946 1197 1154 1318 apostolica
1184 1221 1260 1297 qna
1288 1195 1474 1315 fungimur
1503 1197 1543 1316 in
1574 1195 1647 1272 bac
1682 1197 1840 1316 partein

542 1311 602 1378 nte
617 1310 746 1376 sancte
771 1296 983 1374 xobedientie
1010 1307 1046 1374 ct
1066 1297 1141 1374 sub
1153 1309 1536 1374 excommucationis
1560 1319 1659 1398 pena
1682 1315 1785 1395 qnam
1805 1317 1841 1370 rn
1989 1366 1990 1379 ς

467 1423 542 1680 {ii
563 1395 1857 1599 tetttttttttiltpittttt„bttttlbtttittt
1989 1452 1990 1459 t

411 1646 417 1657 ,
496 1599 675 1678 ohannem
700 1597 749 1675 de
774 1596 1044 1678 Sachseubcim
1069 1593 1431 1697 commdcmresquo
1465 1607 1505 1672 et
1527 1595 1704 1689 ,rebelles
1760 1615 1840 1669 nos
1932 1629 1941 1641 =

396 1693 420 1772 ,’
470 1723 624 1801 eumque
650 1699 809 1798 singuiis
835 1697 968 1776 diebus
994 1697 1185 1776 dominicis
1209 1712 1248 1774 ct
1270 1696 1419 1774 festinis
1445 1697 1483 1770 in
1507 1696 1649 1772 vestris
1674 1717 1744 1772 ecc
1758 1693 1844 1771 asiis
1989 1696 1990 1727 ³

471 1801 703 1876 monasteriis
729 1811 766 1875 et
790 1799 948 1897 capellis
972 1797 1070 1873 infra
1093 1803 1284 1896 missarum
1318 1809 1355 1872 et
1379 1798 1532 1872 aliarum
1556 1793 1759 1872 diuinarum
1780 1791 1845 1868 lto·
1883 1831 1890 1850 ι
1989 1840 1990 1885 5

406 1897 411 1910 '
472 1923 593 1988 rarum
624 1899 848 1998 solempnia,
885 1919 933 1973 ac
964 1895 1059 1973 alias
1096 1899 1158 1974 vbi
1189 1893 1335 1996 qnando
1369 1909 1408 1971 et
1443 1895 1611 1995 quotiens
1642 1888 1846 1996 expediens
1989 1954 1990 1961 t

472 1997 585 2074 inerit
610 1997 943 2072 excommunicatos
969 1993 1201 2072 denuncietis
1235 2005 1299 2070 ant
1329 1997 1442 2071 alter·
1458 2005 1618 2070 vestrum
1654 1993 1846 2070 denunciet

388 2123 391 2132 ⁴
474 2109 513 2176 et
542 2097 591 2172 ab
626 2097 711 2171 aliis
745 2107 911 2195 quantum
942 2099 979 2172 in
1009 2098 1207 2204 pobis‘est
1236 2093 1381 2170 faciatis
1419 2094 1634 2171 denunciari
1671 2093 1792 2170 donec
1814 2099 1848 2167 et
1989 2100 1990 2151 l

474 2219 666 2302 quousque
685 2195 787 2271 alind
812 2221 835 2272 a
859 2197 965 2274 nobis
990 2197 1053 2272 nel
1069 2196 1255 2298 superiori
1279 2205 1408 2271 nostro
1421 2217 1535 2296 snper
1546 2193 1620 2268 boc
1636 2193 1849 2294 receperitis
1989 2156 1990 2213 Ὺ

473 2297 510 2372 in
543 2292 720 2372 mandatis
754 2293 804 2371 Et
838 2298 871 2370 si
902 2296 1031 2372 forsan
1065 2295 1186 2372 dictus
1209 2292 1403 2370 lohannes
1434 2291 1486 2370 dc
1509 2291 1780 2372 Sacbsenbeim
1803 2313 1849 2366 ex
1920 2380 1923 2387 .

473 2395 636 2473 aduerso
651 2396 867 2500 principalis
892 2419 939 2472 ac
957 2399 1173 2496 quicumque
1199 2393 1492 2471 contradictores
1513 2405 1551 2469 et
1576 2393 1746 2470 rebelles
1770 2413 1851 2510 pre·

307 2535 310 2552 =
474 2490 573 2589 dicti,
606 2491 738 2572 dictam
771 2497 1157 2574 excommnuicationis
1179 2492 1416 2572 sentenciam
1448 2505 1486 2569 et
1512 2491 1620 2576 ,illins
1652 2491 1851 2570 decuncto-

399 2634 402 2646 ,
474 2597 617 2682 cionem
643 2620 711 2698 per
736 2594 871 2686 decem
892 2593 975 2670 dics
991 2595 1203 2696 predictam
1235 2593 1552 2670 denunciationem
1583 2594 1665 2668 sine
1687 2592 1853 2694 publica·

474 2697 607 2772 tionem
640 2695 837 2771 immediate
884 2707 1087 2794 sequentes
1133 2695 1368 2796 pertinaciter
1411 2695 1670 2784 sustinuerint,
1722 2702 1854 2770 extunc

474 2815 680 2902 processus
705 2807 853 2881 nostros
878 2793 1086 2868 huiusmodi
1122 2806 1250 2870 contra
1282 2788 1435 2870 eosdem
1473 2815 1523 2891 ag
1552 2791 1717 2868 ranando
1743 2800 1853 2869 aben·

340 2911 344 2921 ·
478 2889 616 2971 dentes.
634 2891 734 2990 quod
758 2905 857 2967 tanto
883 2895 1057 2989 grauiora
1080 2903 1166 2967 sunt
1185 2905 1353 2992 peccata,
1378 2903 1510 2992 quanto
1564 2891 1853 2968 noiusinielicer
1932 2970 1935 2977 ς
1989 2948 1990 2983 q

440 3064 446 3075 ,
476 2993 616 3072 ammas
642 2992 848 3066 detinentur
872 2989 1057 3090 alligatas,
1081 2990 1265 3090 Quodque
1290 3003 1486 3068 crescente
1510 2991 1655 3068 malicia
1680 3009 1854 3068 crescere

363 3094 369 3108 ’
483 3091 595 3175 debet
620 3100 777 3192 etpena,
803 3089 1025 3166 nefacilitas
1066 3113 1137 3182 ene
1152 3089 1342 3166 audacium
1366 3091 1497 3168 tribnat
1511 3087 1729 3191 deliquendi
1739 3089 1856 3166 Vobis

478 3191 642 3268 omnibus
669 3201 706 3266 et
731 3190 889 3287 singulis
914 3115 1140 3288 snprmllctis
1166 3189 1274 3265 modo
1300 3200 1338 3265 et
1353 3190 1467 3266 forma
1491 3193 1684 3290 premissis
1699 3190 1856 3268 commit·

478 3294 582 3368 timus
610 3303 646 3367 et
671 3287 878 3364 mandamns
895 3285 1086 3378 Quatenus
1111 3289 1218 3391 lapso
1233 3292 1385 3365 termino
1411 3289 1542 3365 decem
1567 3289 1709 3366 dierunt
1732 3287 1855 3364 buius·

405 3421 410 3428 ·
481 3389 579 3468 modi
602 3390 759 3489 singulis
785 3383 918 3464 diebus
944 3383 1137 3465 dominicis
1162 3401 1201 3464 et
1219 3387 1368 3464 festinis
1382 3391 1419 3463 in
1434 3389 1609 3466 ecclesiis
1620 3365 1857 3466 lllonasteriis

479 3503 518 3568 ct
542 3491 698 3591 capeliis
724 3486 818 3562 inira
852 3491 1135 3588 prescriptarun
1167 3487 1337 3566 horarum
1372 3491 1626 3566 canonicarum
1661 3487 1857 3590 solempnia

479 3591 611 3668 dictant
637 3589 1041 3672 excommunicationem
1075 3587 1389 3665 denunciationem
1425 3591 1643 3666 reiterantes
1679 3601 1716 3665 et
1750 3589 1858 3664 Inno-

480 3701 609 3767 nantes
643 3687 879 3790 supradictos
903 3687 1106 3764 Jobaunem
1139 3685 1190 3764 dc
1214 3685 1482 3766 Saobsenlrcim
1514 3687 1728 3787 exaduerso
1761 3687 1857 3790 prin·

480 3789 636 3889 cipalem
662 3789 829 3886 aliosque
856 3787 1146 3880 contradictores
1173 3799 1209 3863 et
1236 3787 1399 3866 rebelles
1432 3789 1529 3866 sicut
1553 3781 1770 3964 premittitur
1792 3781 1858 3860 de·

426 3931 428 3936 ·
475 3887 672 3986 ¹nunciatos
698 3891 1032 3964 excommunicatos
1058 3889 1260 3964 nominatim
1295 3889 1480 3989 campanis
1503 3913 1553 3988 pn
1567 3890 1660 3965 satis
1693 3883 1858 3964 candolis

402 4009 420 4022 ‘
481 3989 654 4064 accensis
679 3999 717 4063 et
742 3981 882 4064 demum
907 3990 1081 4065 extinctis
1108 4000 1146 4064 et
1168 3989 1208 4062 in
1226 3978 1365 4062 'terram
1396 3989 1572 4089 proiectis
1597 4011 1710 4072 croco
1736 3997 1859 4062 erecta

427 4171 437 4189 ς
480 4101 519 4164 et
544 4085 725 4183 religione
749 4087 876 4164 induta
899 4113 1025 4188 aquam
1051 4083 1279 4164 benedictam
1309 4083 1549 4188 aspergendo
1580 4086 1629 4164 ad
1663 4081 1857 4184 rogando·

482 4181 673 4309 demones,
700 4191 760 4290 qni
783 4209 855 4266 eos
880 4189 937 4266 sio
962 4191 1117 4266 reticent
1142 4187 1278 4288 ligatos
1295 4200 1342 4266 ‘et
1365 4189 1447 4264 auis
1465 4188 1612 4289 laqueis
1635 4183 1855 4270 collem
