4209 5034
339 451 348 460 ’
405 571 410 578 ,
457 469 559 579 aee
871 459 893 527 ·‘
1038 454 1309 570 mononem

450 743 520 824 pro
555 721 733 801 concluso
766 719 896 798 baberi
927 713 1089 796 Necnon
1123 711 1351 795 diffinitiuam
1388 713 1427 790 in
1463 711 1607 792 eisdem
1648 739 1761 795 cansa
1793 731 1826 798 et
1961 702 1962 717 Ν

451 821 577 898 causis
594 824 631 896 in
649 821 800 922 scriptis
820 818 913 896 ferri
938 829 975 896 et
990 815 1216 922 promulgari
1239 817 1451 894 sententiam
1477 837 1547 917 per
1572 840 1640 894 nos
1654 817 1825 897 instanter

450 923 665 1022 respectiue
747 921 926 996 stularnnt
960 931 997 1000 et
1037 917 1189 1018 quilibet
1224 939 1350 994 eorum
1390 916 1591 1018 postulauit
1621 915 1709 994 Nos
1746 929 1825 997 tnnc

296 1055 302 1060 ·
449 1017 587 1096 Petrus
612 1021 676 1096 An
704 1021 775 1096 itur
808 1017 975 1120 prefatus
1007 1018 1197 1098 reuocatis
1237 1016 1402 1119 primitus
1437 1013 1671 1094 dilationibus
1704 1017 1738 1093 si
1762 1041 1826 1118 que

448 1115 661 1226 pendebant
686 1129 724 1196 et
750 1117 845 1195 datis
870 1117 1047 1220 apostolis
1071 1115 1300 1193 refutatoriis
1325 1138 1441 1218 snper
1471 1115 1774 1233 appellationibus
1796 1119 1828 1192 si

451 1241 523 1318 qne
548 1221 862 1322 interpositesint
886 1231 923 1294 et
948 1215 1108 1317 pendant
1133 1215 1170 1291 in
1194 1239 1308 1292 cansa
1333 1226 1371 1290 et
1388 1238 1522 1292 vcausis
1566 1215 1719 1292 redietis
1742 1239 1829 1292 rna

449 1339 530 1394 cnm
556 1317 666 1394 dictis
691 1317 886 1418 Magistris
912 1315 1084 1392 Johanne
1114 1313 1212 1394 fabri
1247 1323 1286 1390 et
1308 1313 1440 1392 Vinion
1464 1312 1513 1390 de
1598 1325 1827 1393 esterstetten

447 1440 494 1494 ae
519 1417 638 1494 Patrio
664 1413 783 1495 Celer
809 1417 1022 1518 respectine
1046 1413 1343 1518 procuratoribus
1377 1416 1460 1491 sine
1486 1410 1655 1492 §indicis
1682 1414 1828 1492 conclu-

447 1514 619 1592 dentibns
643 1525 682 1596 et
706 1539 834 1594 seeum
854 1514 1029 1594 concludi
1051 1515 1260 1616 petentibus
1282 1511 1455 1589 duximus
1480 1536 1580 1590 more
1606 1513 1720 1591 solito
1745 1537 1829 1590 eon·
1964 1582 1965 1607 p

450 1611 675 1692 cludendum
707 1625 818 1718 atque
858 1613 1107 1692 conclusimus
1140 1612 1404 1714 babuimusque
1437 1625 1476 1689 et
1507 1611 1639 1690 haberi
1668 1611 1832 1691 uolumus
1964 1670 1965 1673 a

447 1715 484 1790 in
510 1713 652 1807 eisdem
677 1739 744 1817 pro
770 1713 951 1795 concluso
975 1713 1027 1790 tut
1051 1711 1309 1790 nichilominus
1345 1713 1441 1790 visis
1475 1735 1545 1815 per
1576 1737 1647 1790 nos
1672 1714 1832 1816 primitus

448 1831 494 1885 ac
519 1811 718 1912 diligenter
741 1815 921 1916 inspeetis
947 1813 1112 1888 omnibus
1146 1823 1184 1890 et
1209 1811 1369 1912 singulis
1405 1814 1496 1889 actis
1522 1813 1679 1890 actitatis
1704 1811 1834 1889 litteris

448 1911 643 2014 scripturis
663 1913 917 1990 instrumentis
968 1911 1149 2006 rinilegiis
1175 1924 1212 1988 et
1237 1911 1480 2010 processibus
1506 1914 1721 2011 ceterisque
1735 1909 1834 1988 Juni-

447 2009 520 2089 bus
546 2021 584 2087 et
608 2013 833 2088 munimentis
852 2035 898 2089 ac
950 2013 1033 2088 'ctis
1058 2023 1097 2087 et
1118 2009 1354 2112 depositione
1377 2011 1523 2088 testium
1546 2009 1700 2087 indicta
1728 2035 1835 2088 eausa

446 2108 545 2186 inter
579 2107 699 2186 dictus
733 2121 860 2214 pantes
889 2109 1164 2212 quomodolibet
1202 2108 1337 2187 habitis
1369 2109 1480 2188 iactis
1515 2107 1692 2188 exhibitis
1726 2122 1834 2212 ¹atque
1965 2166 1966 2181 l

448 2205 641 2383 pqoductis
656 2211 714 2286 eis
739 2235 787 2288 ne
813 2234 894 2288 cnm
912 2211 1115 2290 maturitate
1142 2222 1180 2288 et
1205 2207 1398 2309 diligentia
1424 2209 1549 2291 debite
1573 2212 1775 2288 recensitis
1791 2207 1836 2286 de

499 2308 674 2385 minorum
700 2235 969 2403 &obeditorem
993 2321 1198 2387 nostrornm
1236 2307 1395 2386 consilio
1435 2319 1473 2386 et
1511 2333 1672 2387 assensu
1705 2311 1837 2409 quibus

445 2429 491 2484 su
520 2429 563 2484 or
586 2407 796 2488 huiusmodi
822 2434 937 2490 cause
971 2411 1111 2487 meritis
1147 2407 1358 2490 relationem
1391 2410 1591 2529 plenariam
1613 2410 1777 2486 fecimus
1802 2418 1837 2484 et

429 2433 599 2584 tiddlem
624 2507 887 2613 prehabitaque
912 2511 1077 2634 primitus
1110 2510 1299 2596 internos
1332 2503 1599 2587 deliberatione
1622 2522 1766 2586 matura
1790 2506 1836 2584 ad

447 2616 607 2683 nostram
632 2608 822 2686 serendam
848 2623 886 2687 et
919 2637 955 2687 m
983 2611 1134 2710 seriptis
1167 2608 1464 2709 promulgandam
1497 2609 1725 2685 diffinitiuam
1750 2633 1857 2684 sen·-

446 2709 591 2781 tentiam
616 2707 890 2806 procedendum
925 2711 1097 2785 duximus
1131 2719 1170 2784 et
1206 2711 1459 2810 processimus
1491 2707 1657 2812 Eamque
1673 2733 1762 2883 per
1792 2729 1836 2783 ea

447 2825 520 2904 qne
545 2803 705 2882 vidimus
732 2819 769 2883 et
794 2812 1033 2906 cognouimus
1057 2831 1104 2885 ae
1128 2804 1298 2884 videmus
1325 2821 1362 2884 et
1388 2811 1646 2910 cognoscimus
1699 2832 1724 2884 e
1750 2831 1836 2910 pre-

368 2947 371 2953 ·
447 2904 542 2978 senti
559 2927 627 3004 pro
643 2901 753 2982 dictis
770 2903 927 2982 dominis
954 2907 1095 2982 decano
1121 2917 1159 2981 et
1174 2901 1347 3025 Capitnlo
1373 2909 1630 3010 principalibus
1646 2931 1691 2984 ac
1708 2918 1835 2985 contra

448 2997 656 3171 Mafiistros
678 3006 810 3079 ciuium
826 3005 1003 3081 consules
1020 3014 1060 3080 et
1073 3016 1364 3082 communitatem
1379 3007 1591 3084 exaduerso
1607 3006 1834 3110 principales

447 3118 515 3198 pre
543 3097 639 3186 ictos
665 3103 876 3204 inscriptis
901 3103 1047 3178 tulimus
1073 3113 1109 3178 et
1132 3107 1403 3206 promulgamus
1433 3107 1470 3180 in
1496 3105 1595 3183 bunc
1620 3109 1682 3205 qui
1707 3105 1835 3205 sequi·
1967 3168 1968 3183 ,

444 3197 675 3274 turmodum
709 3196 849 3278 Obristi
883 3201 1027 3278 nomine
1058 3201 1238 3280 inuocato
1301 3228 1343 3279 ro
1380 3203 1551 3282 tribunali
1584 3201 1767 3281 sedentes
1799 3213 1835 3278 et
1967 3244 1968 3247 κ

446 3295 566 3374 uolunt
592 3292 700 3376 deum
724 3323 793 3402 pre
819 3300 939 3377 oculis
964 3298 1143 3378 habentes
1167 3299 1177 3351 ¹
1205 3323 1248 3376 er
1273 3229 1375 3379 dane
1407 3315 1567 3380 nostram
1607 3302 1833 3378 diffinitiuaut
1967 3294 1968 3307 ¹

445 3393 674 3474 Sententiam
701 3423 804 3498 quam
831 3399 880 3476 de
905 3399 1128 3479 dominorum
1182 3399 1407 3478 oanditornm
1432 3403 1590 3480 consilio
1610 3412 1649 3478 et
1673 3422 1832 3478 assumo

445 3493 604 3573 lecimus
628 3497 664 3570 in
692 3493 765 3573 biis
790 3501 938 3604 seriptis
971 3499 1244 3602 pronuntiemus
1269 3497 1504 3579 decernimus
1538 3513 1576 3577 et
1601 3499 1832 3578 declaramus

446 3591 526 3669 Per
539 3593 798 3674 Reuereudem
823 3610 962 3701 patrem
980 3599 1160 3674 dominon
1181 3595 1388 3676 Jobannem
1410 3601 1590 3676 antonium
1604 3597 1748 3701 Episco
1774 3621 1831 3674 uu

444 3691 811 3774 mlenndrirensem
836 3701 945 3776 nnius
970 3720 1021 3775 ex
1046 3697 1172 3798 palatii
1206 3695 1417 3800 apostolieii
1455 3723 1645 3776 causarum
1670 3698 1734 3775 An
1762 3702 1831 3773 ito·

415 3791 551 3866 -rlbns
576 3787 879 3874 locumtenentem
904 3799 947 3875 In
974 3800 1092 3888 causa
1125 3819 1195 3896 qne
1228 3819 1350 3874 eoram
1387 3819 1434 3874 eo
1465 3797 1562 3874 inter
1594 3797 1830 3877 venerabiles

365 3967 369 3974 .
446 3887 550 3963 vito·
576 3885 741 3984 dominos
766 3894 945 3988 decanum
969 3907 1006 3973 et
1030 3891 1241 3998 Capitulum
1268 3897 1437 3983 ecclesie
1463 3896 1525 3971 An
1578 3897 1716 3976 stensis
1742 3917 1831 3974 reos

388 4095 392 4100 Ι
442 3995 488 4062 et
512 3981 728 4067 Gonncntos
753 4015 804 4070 ex
820 4021 894 4073 vna
909 4009 946 4074 et
960 3993 1167 4095 Magistros
1188 3997 1321 4072 oinium
1348 4005 1386 4072 et
1409 3921 1635 4075 coosuffium
1661 4019 1706 4072 ac
1732 4017 1829 4071 com-

414 4086 652 4166 ·utunitatertt
668 4093 837 4175 ciuitatis
861 4097 1117 4198 Angustensis
1141 4095 1305 4172 Actores
1340 4091 1391 4170 de
1423 4106 1463 4170 et
1496 4117 1611 4199 snper
1642 4093 1827 4197 protensis
