4209 5034
425 506 521 607 ¹42
951 516 1242 603 hionumcnta

254 814 259 820 .
334 840 340 846 ι
420 772 586 828 sororum
607 750 774 829 eiusdem
796 697 975 827 llicclesie
997 749 1083 826 sine
1108 744 1240 825 domus
1263 742 1313 824 de
1339 732 1635 827 Salmadshoucn
1658 746 1802 827 facien-

421 852 517 928 eium
541 862 579 927 et
603 851 938 954 representanninm
963 859 1001 925 et
1024 840 1236 926 earumdem
1258 847 1439 925 Ecclesia
1472 847 1601 925 domus
1634 858 1672 925 et
1698 846 1801 926 Con-

418 952 657 1050 gregacionis
691 954 730 1025 in
762 946 1054 1029 Salmanshonen
1085 960 1189 1053 parte
1230 971 1281 1025 ex
1321 947 1438 1025 altera
1477 948 1703 1067 propositum
1741 956 1800 1024 est

420 1070 541 1125 coram
578 1051 686 1126 nohis
719 1044 817 1150 quod
846 1050 1096 1149 prenominato
1127 1048 1290 1130 Sorores
1322 1043 1644 1147 congregacionis
1671 1047 1800 1124 domus

417 1148 456 1223 in
481 1146 774 1225 Salmanshouen
797 1148 996 1250 prehabitis
1021 1173 1136 1251 snper
1159 1149 1232 1225 hoc
1256 1151 1353 1224 inter
1378 1170 1423 1224 se
1449 1158 1486 1223 et
1512 1170 1592 1223 cum
1614 1149 1694 1223 suis
1714 1146 1801 1223 iau·
1872 1189 1877 1197 ·

418 1246 562 1364 torihns
584 1250 798 1367 tractatibus
824 1246 985 1325 diversis
1010 1260 1049 1325 et
1074 1250 1351 1365 deliberacione
1387 1258 1525 1366 matura
1560 1258 1688 1364 sancto
1705 1266 1821 1347 -pro-·

417 1358 557 1522 ist
573 1341 1239 1547 ‘'litthit‘tttttltttt
1254 1348 1439 1525 stitit
1454 1355 1803 1542 itidem

419 1543 520 1624 ocati
579 1545 740 1622 enedicti
763 1548 801 1620 in
852 1550 1070 1624 renominato
1085 1548 1317 1624 Monasterio
1341 1570 1391 1621 nu
1416 1543 1498 1621 dem
1512 1544 1635 1620 Holcn
1655 1544 1803 1618 inantea

416 1654 596 1745 perpetuo
621 1648 793 1724 virtutum
815 1569 958 1721 Xomino
983 1647 1162 1723 famulari
1182 1672 1227 1724 se
1258 1650 1364 1748 ipsos
1397 1653 1436 1720 et
1467 1644 1801 1741 congregacionem

416 1766 520 1818 suam
542 1754 740 1843 pretactam
776 1767 848 1821 nec
884 1768 955 1822 non
986 1749 1104 1822 omnia
1136 1756 1174 1822 et
1205 1744 1353 1845 singula
1383 1744 1479 1821 hona
1509 1742 1656 1821 mobilia
1680 1750 1718 1817 et
1742 1741 1801 1815 iu-

415 1842 562 1919 mobilia
590 1842 626 1919 in
652 1847 938 1947 quibuscumque
962 1844 1060 1923 locis
1090 1848 1162 1924 sita
1194 1842 1244 1921 ad
1276 1867 1321 1921 se
1349 1855 1386 1919 et
1410 1840 1565 1919 eandem
1589 1862 1801 1939 congrega-

417 1940 560 2021 donent
593 1952 702 2045 atque
738 1944 879 2020 domum
912 1957 950 2021 et
983 1946 1183 2024 ecclesiam
1219 1947 1257 2020 in
1282 1940 1577 2021 Salmanshouen
1608 1938 1799 2043 predictas
1837 1985 1841 2005 ι

415 2042 643 2141 pertinencia
667 2055 705 2120 et
727 2044 942 2146 specialiter
965 2057 1192 2124 memoratam
1212 2044 1426 2121 Ecclesiam
1449 2043 1488 2117 in
1505 2027 1797 2120 Salmanshouen

416 2160 499 2216 cum
537 2144 704 2219 omnihus
744 2146 824 2218 suis
872 2139 1025 2220 decimis
1066 2145 1207 2221 iuribus
1254 2140 1461 2219 redditibus
1507 2140 1796 2216 obuencionibus

413 2241 652 2412 prouentibns
690 2252 728 2318 et
753 2244 928 2318 censibus
953 2242 1171 2319 donauerint
1206 2243 1304 2317 inter
1335 2243 1444 2315 rivos
1476 2236 1679 2319 donacione
1710 2260 1800 2340 per·

281 2353 284 2358 '
430 2343 517 2414 ecta
533 2349 719 2441 'perpetua
743 2353 781 2417 ct
802 2343 1040 2418 irrenoeahili
1058 2337 1315 2417 dedicauerint
1339 2338 1522 2415 cesserint
1542 2348 1580 2414 et
1601 2340 1796 2415 rennncia-

413 2438 535 2512 uerint
558 2437 743 2538 Magistro
776 2451 814 2515 et
838 2438 1183 2518 sanctimonialibus
1214 2450 1324 2539 atque
1357 2439 1552 2513 concentui
1587 2435 1676 2512 dicti
1709 2435 1798 2511 Mo-

413 2536 565 2612 nasterii
589 2560 640 2613 uu
665 2536 748 2615 dent
770 2539 895 2616 llolcz
920 2548 1159 2640 acquantum
1191 2540 1230 2615 in
1255 2541 1313 2616 eis
1339 2546 1398 2615 est
1421 2536 1672 2611 transtulerint
1695 2537 1734 2611 in
1759 2544 1799 2613 et

413 2633 463 2711 ad
496 2634 647 2713 easdem
680 2649 719 2713 ct
751 2638 906 2714 eundem
939 2636 1170 2716 Conuentnm
1207 2634 1256 2715 ad
1291 2636 1390 2714 idem
1420 2635 1675 2712 monasterium
1709 2658 1792 2711 num

411 2731 522 2810 holca
544 2733 658 2835 pleno
682 2737 765 2812 inre
788 2737 839 2811 Et
861 2737 1114 2814 nichilominus
1149 2734 1292 2815 eisdem
1317 2734 1502 2835 Magistro
1527 2733 1795 2812 sanctimonia·

410 2831 508 2907 libus
534 2844 572 2907 et
598 2830 806 2909 Connantui
831 2834 1051 2911 Monasterii
1065 2838 1162 2910 Zum
1185 2836 1297 2913 holon
1321 2830 1612 2936 supplicauerint
1637 2856 1718 2910 cnm
1741 2834 1799 2909 in-

411 2934 550 3007 stando
581 2942 653 3007 mm
684 2930 867 3007 humilima
899 2958 1002 3032 qnam
1028 2933 1164 3021 deuota
1189 2944 1368 3035 quatenns
1394 2932 1524 3010 eedem
1548 2932 1735 3032 Magistra
1760 2942 1798 3009 et

412 3026 631 3108 Conuentus
660 3033 764 3133 ipsas
799 3054 952 3109 sorores
978 3044 1022 3108 et
1053 3030 1400 3134 congregacionem
1432 3057 1479 3111 ac
1511 3032 1713 3125 ecclesiam
1749 3026 1799 3109 de

411 3127 707 3208 Salmanshouen
730 3133 964 3232 ipsarumque
979 3129 1229 3224 donacionem
1253 3148 1290 3211 ct
1309 3132 1589 3211 translacionem
1608 3140 1795 3235 pretactns

346 3243 349 3248 ’
409 3230 447 3306 in
472 3240 511 3309 et
534 3230 584 3308 ad
610 3255 656 3309 se
680 3236 915 3330 susciperent
946 3241 984 3306 et
1008 3230 1259 3309 nichilominus
1291 3234 1395 3335 ipsas
1434 3253 1587 3309 sorores
1626 3229 1676 3307 de
1702 3229 1794 3311 Sal·
1833 3243 1835 3247 ’

409 3329 635 3408 manshonen
673 3332 711 3404 in
744 3354 848 3405 suunt
882 3333 1110 3407 consorcium
1142 3344 1178 3408 et
1210 3356 1301 3409 ruas
1334 3332 1423 3407 dicti
1455 3328 1678 3407 Monasterii
1713 3351 1797 3407 zum
1909 3346 1912 3362 ·

409 3427 521 3507 holca
546 3421 784 3507 (lonsorores
809 3441 846 3503 et
865 3425 1172 3507 sanctimoniales
1197 3442 1461 3508 assummerent
1485 3438 1680 3505 memorata
1704 3452 1798 3529 quo
1909 3446 1912 3455 '

410 3526 901 3629 qnehiagistralllonasterii
920 3553 1003 3603 zum
1017 3528 1127 3605 holon
1152 3524 1276 3606 ea'rum
1299 3528 1567 3631 professionem
1583 3526 1799 3628 dignaretur

408 3626 814 3801 fflp⁰2⁰fi⁰³⁰¹⁸r⁰m
838 3622 889 3801 pp
914 3650 985 3727 que
1010 3631 1125 3749 eciam
1149 3628 1323 3706 iacienda
1347 3627 1531 3801 Magpstm
1550 3624 1795 3803 Sanctimppi-

410 3730 1199 3925 cecinistis.ritttthttt
1214 3727 1794 3928 littptihttttttttt:

409 3941 456 3997 se
481 3921 676 3999 obtulerint
700 3934 827 4022 gratas
853 3948 943 4012 esse
966 3927 1106 4030 pariter
1130 3938 1239 4027 atque
1264 3935 1447 4031 promptas
1473 3936 1511 4001 et
1537 3922 1634 4023 quod
1660 3923 1792 4002 eadem
1840 4010 1844 4015 ,

410 4014 594 4121 Magistra
618 4018 922 4101 Sanctimoniales
955 4037 993 4103 et
1016 4022 1234 4105 conuentus
1266 4038 1433 4127 quantum
1458 4033 1517 4101 est
1537 4025 1577 4096 in
1602 4045 1648 4100 se
1675 4023 1792 4101 dona-

412 4120 553 4199 m‘onem
576 4132 615 4198 et
638 4120 914 4202 translacionem
939 4136 1173 4228 prenarratas
1198 4126 1235 4203 in
1258 4146 1303 4205 sc
1329 4135 1368 4202 et
1392 4144 1496 4201 suum
1521 4120 1789 4203 Monasterium
