4209 5034
472 535 576 628 290
670 621 675 632 ,
862 627 864 634 ,
1047 535 1316 652 Monmenta

460 739 537 848 xvel
562 765 829 848 decedentibus
854 777 915 848 aut
936 767 1091 848 'easdem
1108 767 1279 846 vicarias
1303 762 1572 868 quomodolibet
1591 763 1843 847 dimittentibus

471 871 585 946 liceat
616 864 722 946 nobis
755 870 839 944 illas
873 870 968 946 inter
1000 879 1128 948 cetere
1158 891 1233 969 per
1250 866 1425 945 licerios
1456 857 1507 942 ad
1536 876 1659 942 nutum
1689 876 1844 944 noscuu

473 965 732 1051 ammonendos
750 967 933 1050 deseruiri
953 979 990 1044 et
1008 971 1204 1044 animarum
1222 989 1345 1044 curant
1369 962 1690 1068 parrochiauoruru
1713 987 1843 1042 eorun-

475 1067 557 1144 dem
583 1069 756 1142 exerceri
782 1067 911 1146 iacere
943 1069 1026 1144 sinc
1052 1065 1326 1150 ordinariorum
1356 1063 1518 1142 locorum
1549 1063 1758 1166 preiudicio
1777 1073 1847 1142 etc.
1979 1114 1980 1121 κ

1406 1153 1413 1168 Ν

343 1165 347 1173 “
473 1175 582 1269 prout
605 1169 641 1242 iu
660 1167 799 1242 ‘litteris
813 1163 1043 1267 Apostolicis
1059 1165 1224 1266 desuper
1245 1163 1425 1240 coniectis
1442 1163 1553 1238 latius
1579 1165 1696 1240 clsret
1709 1163 1845 1240 Veron
1979 1218 1980 1221 t

258 1255 261 1264 ’
370 1272 374 1280 ‘
465 1263 573 1364 *quod
610 1287 679 1363 per
712 1263 893 1340 huismodi
926 1265 1265 1363 incorporaciouenn
1290 1288 1313 1340 a
1336 1259 1443 1342 Sede
1467 1261 1688 1362 Apostolics
1719 1255 1869 1344 ἰωὴ
1979 1306 1980 1327 t

475 1361 823 1440 Reuerendissiunus
848 1365 885 1437 in
899 1358 1052 1442 Christo
1073 1373 1180 1464 pater
1204 1374 1242 1439 et
1262 1361 1428 1438 doninus
1453 1359 1620 1438 dominus
1634 1359 1849 1441 liridericm

400 1477 402 1484 ⁴
476 1461 538 1538 dei
565 1461 838 1563 ctApostolice
864 1461 970 1538 sedis
1023 1464 1124 1538 rocio
1134 1459 1346 1564 Episcopus
1364 1461 1618 1558 Augustensis
1637 1483 1684 1536 se
1699 1471 1738 1537 et
1762 1481 1847 1538 suc·

476 1583 654 1638 cessores
668 1584 758 1636 suos
779 1563 816 1636 in
829 1561 985 1638 Juribns
1036 1560 1285 1663 piscopulibus
1310 1559 1500 1662 plurimum
1524 1569 1699 1656 granatos
1723 1583 1850 1638 asser·

477 1661 541 1754 nit,
565 1661 615 1735 ita
654 1659 752 1758 qnod
783 1683 852 1760 pro
885 1662 1134 1736 reuocacione
1163 1655 1293 1734 indulti
1324 1657 1529 1734 huiusmodi
1551 1659 1659 1734 nobis
1683 1658 1855 1737 concessi

475 1755 573 1878 ppud
600 1758 727 1858 sedern
750 1758 1002 1861 Apostolicann
1026 1757 1195 1834 laborare
1219 1757 1440 1834 intendebat·
1468 1753 1564 1834 Ounn
1588 1767 1707 1834 autent
1733 1770 1854 1835 nosue

475 1858 694 1932 intencionis
720 1882 897 1956 nunquam
923 1868 1002 1932 erat
1025 1881 1096 1958 per
1118 1855 1301 1932 huisunodi
1325 1851 1501 1932 indultum
1516 1853 1671 1933 Juribua
1694 1857 1853 1957 ipsorun
1979 1856 1980 1915 l

476 1955 763 2055 Episcopalihus
781 1959 816 2029 in
836 1957 961 2055 aliquo
980 1951 1161 2050 derogari.
1198 1955 1383 2048 Quocirca
1400 1979 1480 2033 curn
1505 1955 1648 2056 prefato
1662 1956 1855 2032 Reuerera
1979 2020 1980 2043 p

478 2049 631 2128 dissime
657 2049 801 2130 domino
826 2053 1017 2156 Episcopo
1039 2050 1269 2152 Augustonsi
1294 2064 1380 2156 post
1395 2054 1577 2156 ¹plurimos
1602 2055 1857 2155 gtoriosissini
1979 2086 1980 2089 ¹

478 2162 516 2230 et
534 2151 770 2228 Inuictissimi
795 2154 970 2254 principis
996 2164 1034 2229 et
1059 2153 1191 2230 donnini
1219 2152 1349 2231 domini
1365 2155 1603 2232 Maximiliani
1628 2153 1753 2232 diuina
1775 2153 1856 2230 iau·

478 2261 565 2327 ente
600 2250 800 2328 clemencie
834 2253 1077 2330 Romanorum
1109 2253 1228 2351 Regis
1258 2275 1406 2352 semper
1430 2253 1595 2352 Augusti
1620 2265 1691 2330 etc
1725 2275 1857 2355 preca·

404 2366 410 2391 ‘
479 2351 610 2426 ciones
642 2374 710 2451 pro
741 2351 848 2428 nobis
888 2352 1008 2430 factas
1044 2363 1224 2452 quatenus
1256 2351 1431 2428 indultum
1462 2354 1586 2429 nobis,
1603 2361 1642 2426 vt
1673 2351 1859 2453 prefertur

480 2471 698 2529 concessum
723 2447 887 2549 gratiose
912 2444 1128 2541 admitteret
1154 2450 1214 2526 lle
1239 2450 1511 2526 venerabilium
1546 2462 1585 2526 et
1609 2451 1858 2553 circumspec-

479 2561 595 2626 torum
618 2549 778 2624 virorum
793 2549 965 2627 Vdulrioi
991 2549 1040 2626 de
1057 2548 1258 2648 liechberg
1283 2549 1332 2624 de
1346 2542 1688 2648 llochenrechberg
1713 2549 1859 2626 Decani

479 2647 696 2747 'l'ociusqne
721 2645 885 2750 Capituli
919 2649 1086 2726 ecclesie
1110 2649 1364 2746 Augustensis
1396 2670 1585 2725 consensu
1609 2657 1648 2723 et
1672 2648 1859 2724 voluntate

480 2770 550 2823 nos
576 2749 844 2848 composuimus
868 2758 905 2822 et
930 2747 1244 2829 concordauimua
1267 2747 1372 2824 iuxta
1391 2757 1429 2825 et
1445 2745 1648 2822 secundum
1674 2749 1860 2824 contineu-

481 2845 573 2923 ciam
600 2859 778 2922 certorum
804 2846 1038 2922 articulorum
1064 2869 1213 2944 quorun
1237 2857 1343 2921 tenor
1367 2847 1531 2947 sequitur
1546 2847 1584 2919 in
1605 2843 1858 2922 lruncmodnnt
1910 2915 1914 2924 .

481 2943 579 3033 Quia
614 2941 845 3018 Monasterio
882 2943 919 3016 iu
954 2943 1077 3020 Stans
1113 2956 1152 3018 vt
1184 2946 1222 3037 in
1255 2941 1389 3021 litteris
1420 2944 1650 3045 Apostolicis
1682 2943 1860 3044 quondan

465 3039 695 3115 *felicissime
722 3039 989 3116 recordationis
1014 3036 1147 3116 donnini
1171 3041 1382 3118 innocencii
1406 3067 1456 3145 pa
1482 3041 1658 3119 socrant
1681 3054 1858 3136 narretur,

482 3136 659 3213 Ecclesia
683 3135 936 3238 parrochiales
960 3139 997 3212 in
1013 3135 1144 3236 Seegg
1162 3140 1355 3218 ‚Wertach
1380 3156 1416 3219 et
1500 3139 1756 3219 etrisulrausen
1779 3143 1860 3218 Au·

482 3237 671 3338 gostensis
697 3234 861 3311 diocesis
885 3245 1022 3314 atonto
1046 3245 1210 3337 tenpore
1235 3235 1284 3316 de
1308 3243 1414 3318 cuius
1438 3241 1549 3316 inicio
1569 3240 1653 3317 siue
1678 3243 1860 3319 contrario

336 3432 339 3438 1
481 3339 520 3412 in
535 3337 705 3410 momoria
728 3332 906 3410 hominum
929 3358 1001 3414 non
1028 3338 1165 3414 existat
1188 3336 1336 3433 fuerint,
1359 3363 1406 3416 nc
1424 3361 1493 3442 per
1508 3337 1664 3416 eundern
1681 3336 1859 3418 dominun

482 3434 733 3510 innocentium
749 3455 878 3534 papam
902 3431 952 3510 tle
979 3457 1075 3512 nouo
1099 3436 1332 3537 incorporate
1357 3440 1430 3514 sint
1452 3439 1546 3515 citra
1563 3436 1749 3516 Ordiuarii
1771 3463 1860 3541 pre·

483 3529 656 3608 iudicium
681 3541 750 3606 etc
785 3541 896 3631 prout
922 3535 961 3608 in
990 3533 1122 3610 litteris
1157 3535 1325 3612 eiusdem
1357 3538 1466 3614 latius
1499 3539 1712 3614 continetur·
1736 3535 1860 3630 Quare
1979 3626 1980 3629 p

483 3628 748 3706 Monasterium
774 3632 810 3706 in
836 3627 958 3708 Stans
983 3656 1059 3731 pro«
1073 3633 1228 3710 Juribus
1256 3631 1439 3713 Ordinarii
1467 3635 1649 3714 tenebitur
1672 3633 1722 3711 ad
1745 3637 1860 3714 inira-

379 3757 381 3760 ·
438 3795 440 3800 ,
484 3729 634 3900 ppripta,
659 3738 766 3846 prout
789 3726 967 3847 hactenns
989 3729 1137 3904 plellpani
1163 3733 1360 3856 eorundenn
1384 3734 1625 3812 ecclesiarum
1647 3739 1860 3856 tenebantur

421 3942 425 3954 ·
483 3843 593 4038 saeclis
607 3836 909 4025 ¹indellislllllldllii²
928 3831 1859 4036 epupppnpptterppplnpuppmsippinpprotpeeffip:

484 4017 674 4119 Episcopo
708 4023 937 4120 Augustensi
1003 4051 1044 4106 ro
1084 4040 1154 4104 tero
1181 4051 1246 4104 ore
1281 4034 1452 4108 existenti
1489 4033 1574 4110 loco
1616 4036 1856 4135 primarioru-

345 4213 354 4228 Ι
484 4114 663 4198 fructuum
691 4115 740 4198 de
773 4125 937 4204 ecclesis
995 4149 1070 4227 cog
1227 4127 1431 4209 [florenos
1454 4131 1650 4210 dacenses
1683 4132 1732 4210 de
1754 4131 1856 4210 Eoo-
