4209 5034
711 516 1257 636 coemamus
1633 523 1702 628 ot

326 764 366 833 et
388 747 652 854 Capituittriter
675 749 856 831 ordinauit
880 752 1004 837 statuit
1028 761 1068 830 st
1085 751 1256 832 decreuit
1276 755 1377 856 quod
1400 757 1588 839 st-cenrtr
1603 781 1701 855 ,prov

325 853 438 944 missa
461 852 524 950 nei
548 851 685 950 aliquid
721 853 978 954 premissorum
1000 855 1160 938 ¹venerit
1192 851 1368 938 faciendo
1393 856 1455 934 uel
1481 856 1702 942 obmitteudo

324 963 363 1028 et
387 951 436 1030 de
451 949 524 1028 hec
549 952 715 1038 conuiuci
740 945 1069 1050 peteritturidiee,
1093 950 1191 1051 qood
1210 964 1349 1036 extunc
1368 955 1453 1073 ipso
1473 955 1577 1034 facio
1601 955 1702 1042 (licto

325 1051 466 1130 vicaria
489 1050 538 1138 sit
561 1052 727 1151 priuatus
752 1059 790 1128 et
813 1051 932 1141 statim
951 1052 997 1131 ab
1023 1073 1070 1129 ea
1087 1051 1339 1152 repellendus,
1361 1078 1447 1139 ,arne
1461 1056 1701 1156 requisitione

324 1149 388 1227 uei
413 1151 628 1228 auctoritate
662 1151 922 1250 cuiuscunque
947 1147 1360 1238 iudtctsccetesiastici
1385 1155 1449 1232 uel
1473 1155 1614 1248 ciuus,
1650 1153 1702 1244 Et

323 1248 454 1328 dietam
477 1271 606 1350 penum
621 1269 769 1326 exnunc
785 1259 892 1348 prout
912 1260 1051 1326 extunc
1073 1249 1406 1338 sicontrauenierit
1425 1254 1463 1340 in
1477 1277 1524 1334 se
1537 1255 1702 1335 menter

176 1387 190 1410 ι
322 1347 613 1429 uel.roluntorie
638 1349 795 1447 suscipit
825 1347 1042 1448 approbabit
1073 1356 1112 1424 et
1134 1373 1201 1452 pro
1232 1348 1521 1438 inflictahuberi
1554 1351 1624 1430 wit
1648 1351 1700 1436 lit
1860 1401 1867 1408 -

321 1471 368 1524 su
387 1548 396 1565 .
418 1471 438 1565 r
461 1445 535 1524 hoc
560 1449 773 1564 repuncciut
796 1447 1065 1549 supplicacioni
1097 1459 1136 1527 ct
1165 1447 1414 1548 implorucioui
1445 1453 1700 1550 cuiuscunque

319 1468 456 1666 notitiis
471 1545 731 1665 ·ecclesrnsdci
757 1545 819 1622 uel
845 1546 977 1666 domiui
1002 1547 1202 1659 spiritualis
1228 1550 1291 1626 ucl
1316 1551 1526 1652 temporalis
1551 1550 1699 1632 eterni

324 1645 399 1722 ιιῑιο
423 1668 525 1762 turis·
540 1645 682 1722 uuxrlro
722 1657 760 1724 et
791 1645 970 1764 consilio,
1005 1644 1163 1745 quodsi
1199 1661 1329 1726 ccutra
1358 1651 1538 1748 premissa
1569 1657 1700 1750 posset

320 1742 1570 1936 bituiti'’toti“t‘tdttt‘t‘fflsitium
1592 1748 1699 1830 Μ’

319 1943 468 2020 cottidie
494 1869 713 2045 depssuperat
738 1938 855 2021 edere
881 1943 983 2022 iores
1007 1943 1183 2022 nesciens
1207 1871 1376 2044 geudxo
1405 1869 1698 2036 eamear

305 2042 542 2120 -ebstinerea
566 2045 690 2122 vetitis
704 2039 903 2145 Nicirilque
928 2054 999 2120 tarn
1025 2045 1162 2123 ciarum
1186 2047 1247 2136 sit,
1297 2047 1360 2120 uio
1375 2043 1576 2144 aliquando,
1589 2041 1697 2134 rolli-

318 2143 423 2256 citam
438 2141 593 2258 recipiat
618 2141 887 2262 dubitationes,
926 2143 1096 2260 Dumque
1120 2069 1318 2274 aliq-uaeris
1338 2139 1544 2262 buiusurodi
1553 2153 1700 2261 struto

318 2253 445 2318 contra
468 2238 625 2342 aliquem
650 2242 712 2318 uel
738 2264 806 2342 pro
830 2242 953 2342 abque
980 2256 1175 2360 modicum
1199 2255 1374 2342 contego
1397 2241 1590 2346 Nonnulie
1614 2267 1697 2332 stu·⁴

315 2339 467 2440 gulares
482 2363 654 2514 1persone
668 2340 799 2458 eadem
817 2341 1012 2456 declarare
1038 2354 1076 2416 et
1098 2347 1331 2461 ruterpretpri
1348 2345 1387 2416 in
1403 2366 1510 2460 suum
1528 2341 1698 2459 fauorepp

314 2453 353 2522 et
377 2463 481 2516 como
509 2462 564 2515 ιιιιι
581 2439 717 2517 mollite
742 2449 888 2516 suntet
904 2439 1120 2530 nitebantur,
1145 2464 1251 2529 uuusr
1272 2441 1415 2518 ullorum
1436 2451 1697 2540 roterpretaero

314 2548 525 2619 statutorum
557 2539 603 2614 ab
636 2539 799 2640 ipsorum
830 2533 1061 2638 dependeret
1077 2539 1328 2631 ¹auctoritate,
1366 2536 1460 2626 Cum
1491 2551 1611 2626 oeten
1640 2532 1697 2626 ‚de

176 2649 179 2659 '
314 2639 395 2716 iure
419 2639 517 2717 iilius
542 2641 588 2717 sit
612 2638 842 2738 interpreturi
860 2638 966 2714 cuius
981 2645 1040 2712 cst
1053 2629 1230 2729 condere,
1255 2633 1570 2730 conuenientibus
1588 2637 1697 2728 uobis

313 2736 400 2816 ioco
425 2761 470 2816 ao
503 2749 666 2831 tempore
698 2737 832 2836 quibus
859 2759 908 2812 su
936 2759 977 2810 ra
1011 2729 1287 2814 deliberacione
1310 2749 1457 2815 oratoru
1483 2733 1696 2837 prehabito·
1800 2775 1810 2785 .

314 2833 572 2920 struimus-et
586 2835 795 2914 ordinemus
821 2858 893 2936 qno
945 2829 994 2910 de
1012 2845 1139 2912 cetero
1165 2839 1279 2915 oncis
1304 2832 1695 2928 dubitaeiorltrieceio

314 2958 384 3013 seu
408 2938 551 3036 questio
577 2949 779 3013 nostrorum
804 2946 1015 3012 statutorum
1041 2947 1080 3010 et
1102 2935 1374 3022 sumendorum
1400 2947 1439 3011 et
1460 2935 1695 3026 articulorum

311 3035 348 3110 in
364 3035 504 3112 eisdem
520 3048 766 3112 contentorum
785 3057 853 3135 por
868 3057 936 3112 nos
957 3045 1179 3135 nostrosque
1203 3057 1453 3115 successores
1468 3045 1506 3112 et
1520 3037 1694 3126 paioren

310 3147 448 3234 purtem
473 3132 689 3212 habencium
715 3155 846 3210 rocem
871 3133 908 3208 in
941 3132 1104 3234 capitulo
1130 3131 1314 3210 declarari
1349 3133 1531 3210 elucidari
1554 3129 1692 3209 discuti
1715 3147 1727 3154 ’

311 3247 349 3311 et
374 3231 523 3309 diffiniri
549 3232 692 3325 debeat,
717 3245 755 3309 et
781 3227 980 3332 quodquod
1004 3255 1074 3332 per
1097 3254 1168 3308 nos
1191 3249 1412 3334 nostrosque
1442 3253 1691 3308 successores

312 3331 376 3410 nel
412 3334 583 3409 recimero
617 3343 755 3432 partem
791 3341 995 3408 nostrornm
1027 3353 1142 3431 super
1174 3333 1366 3426 premissis
1399 3331 1693 3408 dubitaciouibus

310 3455 382 3510 seu
407 3431 705 3508 uitricociunibus
728 3433 766 3506 in
791 3443 899 3508 antea
922 3427 1146 3506 declaratum
1171 3429 1359 3508 diffinitum
1384 3431 1448 3506 uel
1480 3429 1691 3504 discussum

311 3529 425 3608 fuerit
449 3533 617 3608 volumus
649 3555 673 3606 a
706 3529 812 3606 nubis
845 3528 1010 3604 omuibus
1042 3542 1081 3604 et
1104 3529 1239 3607 nostris
1274 3527 1557 3606 successoribus
1593 3526 1694 3604 sicut

310 3630 385 3708 sliu
409 3643 535 3708 nostru
559 3641 692 3706 statuta
716 3629 785 3704 sub
804 3623 928 3705 debito
953 3629 1097 3728 prestiti
1114 3628 1315 3705 duramenti
1337 3625 1598 3704 inviolabiliter
1621 3623 1690 3702 ob-

310 3733 454 3808 seruari
479 3730 532 3807 Vt
556 3741 675 3805 cutem
690 3729 872 3824 premissa
894 3735 1026 3802 statuta
1050 3739 1089 3804 et
1114 3727 1374 3805 ordinacionos
1400 3725 1556 3802 debitore
1581 3724 1693 3800 tirmi-

309 3843 416 3908 tatem
442 3837 479 3904 et
502 3829 615 3906 robur
639 3829 844 3906 sorcicutnr
868 3825 917 3901 ad
939 3825 1193 3903 certitudinem
1217 3840 1256 3904 et
1278 3823 1509 3904 euidenciam
1534 3825 1690 3926 promis·

309 3951 432 4007 sorum
484 3936 655 4006 rescutes
681 3925 864 4004 conscribi
888 3923 1043 4002 fecimus
1068 3926 1209 4004 litteras
1234 3937 1272 4004 et
1295 3926 1366 4003 sub
1388 3925 1514 4026 sigillo
1538 3923 1689 4023 capituli

311 4029 430 4106 nostri
454 3955 617 4128 ibgitime
643 4025 807 4104 roborari
822 4025 954 4101 Datum
979 4023 1066 4102 loco
1091 4023 1153 4103 dic
1178 4037 1216 4102 et
1239 4037 1401 4127 tempore
1441 4025 1547 4100 uibus
1564 4045 1689 4122 supra.

311 4125 397 4205 Nos
422 4149 515 4206 vero
539 4139 674 4230 petrus.
703 4127 946 4203 miseracione
971 4121 1097 4207 diuino
1126 4123 1220 4202 tituli
1255 4127 1373 4204 sancd
1439 4123 1536 4200 italis
1558 4142 1689 4198 sacro-
1806 4155 1809 4160 ·
