4209 5034
253 2336 255 2342 1
373 2301 445 2377 ciis
477 2315 515 2376 ut
540 2305 781 2403 prescribitur
811 2301 860 2380 ad
892 2331 916 2408 p

274 599 276 607 ·
369 563 408 657 ’6
541 655 544 662 ,
787 569 790 574 ’
927 567 1199 662 monumenta

375 805 540 884 domibus
566 813 604 882 et
626 805 729 882 areis
746 805 1136 886 circumiereneialiter
1156 817 1216 885 est
1234 804 1405 885 distincta
1417 795 1496 908 'que
1521 811 1757 988 proprietatis

372 907 476 983 titulo
501 903 609 980 michi
626 905 809 1007 ‘pertinuit'
825 929 1002 1008 quamque
1023 907 1073 985 de
1091 931 1187 985 nouo
1211 909 1372 1010 propriis
1394 913 1529 1001 sumpti
1556 935 1601 986 us
1626 925 1665 988 et
1686 929 1758 989 exi
1818 961 1824 966 -
1968 939 1973 949 ’

357 1007 500 1120 peusis
527 1008 716 1123 construxi
736 1003 840 1082 dicte
858 1007 1039 1086 Ecclesie
1064 1006 1286 1130 parrochiali
1310 1009 1348 1081 in
1365 1007 1555 1110 llylingen
1579 1033 1655 1129 pru·
1674 1013 1757 1112 ple·
1900 1023 1905 1033 '

243 1157 246 1170 ·
372 1109 527 1184 banatus
551 1127 655 1184 curra
680 1115 718 1181 et
740 1105 980 1206 plebanorum
999 1107 1231 1186 habrtaorcne
1245 1118 1393 1184 inantea
1410 1131 1462 1184 ex
1481 1122 1583 1186 certa
1599 1113 1758 1188 smenua
1780 1164 1784 1172 -

373 1207 469 1282 omui
498 1208 586 1305 jure
612 1213 728 1281 eausa
753 1215 792 1281 et
816 1205 924 1284 modo
951 1209 1083 1308 quibus
1115 1208 1247 1284 melius
1270 1210 1374 1308 potui
1399 1207 1666 1284 accedentibus
1696 1209 1755 1285 fa-

370 1327 463 1381 nore
496 1307 714 1381 auctoritate
746 1319 784 1380 et
814 1310 1058 1406 permissione
1094 1307 1253 1410 predicti
1286 1307 1501 1400 Reuereudi
1533 1309 1570 1382 in
1605 1304 1758 1384 Obristo

344 1405 507 1483 ‘domini
533 1405 667 1481 domini
698 1405 915 1484 Burekardi
937 1407 1117 1512 Episcopi
1141 1408 1323 1511 prenotati
1348 1403 1437 1483 dedi
1463 1407 1597 1484 douaui
1620 1401 1757 1482 'tradidi

372 1506 476 1580 vniui
500 1507 646 1582 attribui
667 1507 902 1606 incorporari
921 1484 1095 1585 comitrbxi
1114 1504 1411 1585 irreuocabiliter
1433 1516 1472 1583 et
1491 1507 1627 1582 annexi
1648 1517 1757 1582 vtem
1840 1587 1848 1610 ¹

372 1601 456 1680 dam
479 1605 673 1682 tenendam
732 1603 970 1689 ossideudam
1001 1605 1205 1686 habendam
1230 1619 1269 1684 et
1326 1616 1482 1709 erpetuo
1513 1605 1757 1681 incolendam.
1799 1689 1804 1698 ,

371 1703 443 1779 Illa
474 1714 593 1781 nmen
626 1631 844 1784 condicione
876 1702 1024 1782 adiecta
1059 1707 1157 1809 quod
1193 1632 1362 1806 quamdiu
1394 1708 1506 1781 vitam
1541 1703 1687 1782 duxero
1719 1707 1756 1781 iu

373 1801 537 1879 humanis
563 1825 787 1906 quacumque
812 1805 1071 1906 ingratitudine
1095 1831 1167 1884 seu
1189 1805 1394 1883 infirmitate
1410 1807 1610 1908 preuemiar
1629 1803 1757 1882 liciam

371 1903 407 1978 si
442 1900 555 1980 diuini
592 1903 707 1980 cilicii
748 1908 1005 1982 executionem
1039 1906 1216 1985 adimeret
1253 1909 1341 1985 siue
1376 1907 1528 2008 repulsa
1559 1903 1759 1981 cuiuslibet

372 2003 490 2104 ipsam
516 2001 657 2080 domum
683 2027 764 2080 cum
788 2007 869 2082 suis
882 2007 1134 2109 pertinenciis
1164 2016 1204 2083 ut
1254 2003 1431 2083 redicitur
1458 2005 1603 2082 debiam
1627 2013 1758 2080 tenere

374 2099 577 2180 inhabitare
614 2100 814 2204 possidere
854 2106 1112 2184 nichilominus
1135 2112 1191 2183 'et
1225 2031 1365 2185 debere
1401 2104 1472 2184 Sic
1495 2107 1626 2180 iterum
1660 2098 1758 2202 quod

374 2213 564 2301 postquam
590 2201 639 2279 de
663 2201 735 2280 bac
760 2203 846 2281 luce
872 2208 1024 2383 miprpaui
1049 2206 1168 2324 dieta·
1184 2202 1320 2383 domust
1347 2229 1431 2283 cum
1463 2206 1543 2377 supa
1568 2205 1759 2378 perttinen·

934 2328 955 2382 e
1006 2328 1074 2383 uos
1133 2330 1171 2381 ur
1231 2331 1271 2383 ro
1321 2328 1376 2382 em
1404 2325 1471 2381 ore
1524 2326 1629 2378 uerrn
1676 2323 1759 2377 sune

332 2493 341 2500 ,
374 2399 660 2479 contradictione
693 2405 934 2502 quorumlibet
967 2332 1188 2481 deuoludtur
1204 2333 1274 2481 pbit
1314 2329 1414 2504 qudd
1447 2405 1565 2478 eciam
1597 2400 1767 2500 singulis

374 2501 479 2576 annia
503 2499 654 2600 plebani
677 2501 812 2579 futuris
837 2504 1064 2604 temporibus
1098 2504 1195 2580 diem
1219 2523 1338 2580 meum
1363 2500 1652 2578 anniuersarium
1678 2523 1760 2576 eum

373 2601 545 2675 memoria
570 2600 682 2702 patris
710 2610 748 2678 et
771 2601 895 2678 matris
920 2625 1079 2680 meorum
1105 2601 1301 2679 de'Nocte
1322 2625 1405 2678 cum
1428 2603 1627 2679 maioribus
1653 2599 1759 2678 etde

238 2721 247 2728 ·
372 2721 477 2777 mane
503 2723 584 2776 cum
608 2702 803 2778 minoribus
828 2703 970 2800 vigiliis
995 2713 1033 2780 et
1058 2706 1172 2779 missa
1195 2726 1263 2801 pro
1293 2699 1481 2778 defunctis
1506 2702 1698 2778 celebrent
1722 2701 1760 2774 in

373 2823 445 2900 quo
469 2797 615 2877 illorum
641 2801 900 2878 conscienciae
934 2802 969 2876 si
1001 2823 1075 2878 non
1107 2800 1267 2876 fecerint
1290 2799 1383 2872 duxi
1406 2801 1643 2898 presentibus
1668 2817 1761 2870 oue-

372 2898 509 2978 raudas
534 2899 585 2978 lit
609 2887 658 2978 ad
681 2896 968 3004 prescriptorum
993 2901 1148 2977 omnium
1172 2908 1387 3000 perpetuam
1408 2897 1614 2973 memoriam
1639 2907 1677 2970 et
1700 2896 1761 2969 sui

370 3001 516 3080 roboris
540 3001 734 3079 valituram
768 3001 947 3079 cautelam
979 3001 1118 3100 sigillis
1142 2998 1327 3073 memorati
1358 2995 1489 3072 domini
1523 2997 1593 3069 mei
1627 2992 1759 3071 domini

372 3101 585 3181 Burckardi
611 3101 794 3206 Episcopi
814 3102 1073 3201 Angusteusis
1098 3108 1138 3174 et
1161 3119 1251 3196 meo*
1295 3108 1465 3173 reseutes
1490 3093 1641 3172 realiter
1661 3117 1762 3172 eom·

373 3205 509 3282 muniui
550 3201 712 3294 Nosque
757 3201 927 3303 prefatus
943 3241 947 3254 ·
964 3196 1212 3276 Burckardus
1289 3199 1467 3299 piscopos
1506 3197 1761 3293 Augustensis

371 3303 554 3384 Ecclesia
581 3315 795 3407 prenarrata
817 3301 1120 3397 recognoscimus
1146 3300 1263 3374 eciam
1286 3297 1523 3397 presentibus
1550 3306 1587 3371 et
1606 3295 1761 3374 fatemur

372 3407 616 3510 prescriptam
642 3403 884 3481 donacionem
908 3403 1080 3475 unionem
1107 3409 1145 3474 et
1160 3400 1428 3475 connexionem
1450 3391 1559 3472 modo
1586 3409 1623 3471 et
1644 3396 1762 3474 forma

369 3505 502 3603 quibus
527 3527 573 3578 su
600 3528 641 3579 ra
666 3524 757 3580 esse
780 3501 915 3578 factam
946 3497 1072 3575 Nobis
1103 3497 1422 3578 auctorisantibus
1443 3498 1760 3574 consentientibus

368 3614 408 3679 et
430 3527 642 3678 fauentidus
668 3623 773 3700 quam
798 3603 914 3678 eciam
939 3599 1057 3700 sigilli
1088 3600 1204 3673 nostri
1240 3596 1470 3698 appensione
1494 3619 1563 3697 pro
1588 3599 1695 3673 uobis
1719 3605 1759 3671 et

367 3701 505 3775 uostris
538 3699 828 3777 successoribus
858 3701 918 3776 sic
951 3697 1173 3775 ratificamus
1204 3699 1467 3774 auctorisamus
1500 3707 1620 3772 etex
1654 3703 1759 3770 certa

371 3797 529 3872 seientia
562 3799 810 3876 effectualiter
843 3795 1418 3876 confirmanus.,1)arunanno
1453 3793 1600 3885 Domini
1627 3793 1758 3871 Mille·

373 3892 802 4070 {ipupeCCOwLXXX
827 3897 996 3978 secundo
1028 3897 1126 3975 feria
1160 3906 1288 3998 quarta
1311 3893 1411 3973 infra
1434 3890 1597 3974 Oetaras
1620 3895 1761 3972 Pente·

401 4063 402 4071 r
424 4017 444 4068 s
483 4017 513 4070 s·
1142 4014 1145 4021 ’

964 4229 1176 4250 w
