4209 5034
705 579 979 688 episcopante
1007 579 1266 696 Augustani
1621 577 1692 664 ot

193 841 206 852 ·
311 801 458 884 nobiles
480 820 551 882 sen
577 801 627 882 do
652 803 793 884 militari
814 827 957 906 genere
982 811 1159 912 legittime
1182 831 1232 884 ex
1255 819 1410 911 utroque
1433 822 1695 986 parentegro·

313 911 473 998 meam,
499 906 558 1006 qul
584 915 670 982 ante
694 906 950 985 admissionem
976 910 1065 986 dicti
1089 908 1292 1010 recipiendi
1327 933 1396 985 seu
1423 911 1593 986 adnittcn
1622 915 1631 930 '
1657 914 1694 987 in
1789 978 1796 997 ,,
1830 949 1841 958 ·

313 1001 542 1084 Caranicum
556 1007 593 1080 in
618 1007 778 1109 capitulo
803 1020 930 1086 nostro
951 1008 1197 1112 personaliter
1211 1000 1391 1084 constituti
1405 1005 1480 1085 tid'e
1498 1006 1583 1085 data
1605 1033 1694 1111 pro-

316 1107 454 1182 mittunt
477 1116 517 1180 et
542 1104 678 1182 deinde
704 1107 945 1208 corporaliter
976 1121 1142 1211 prestent
1163 1107 1395 1200 duramenta,
1421 1106 1518 1209 qnod
1541 1107 1606 1186 illc
1631 1134 1702 1185 as».
1794 1200 1798 1205 ,

311 1199 518 1282 sumendus
541 1225 612 1280 seu
644 1203 900 1309 reeipiendus,
938 1203 987 1284 tle
1028 1220 1183 1310 quatuor
1211 1209 1415 1309 parentelis
1445 1221 1553 1310 prout
1583 1231 1697 1310 supra

313 1302 894 1502 'titllblltllltdlt
917 1309 985 1482 ⁵¹23
1023 1319 1091 1482 “b
1117 1305 1480 1482 “titillanti
1506 1309 1697 1482 ”oilli

312 1425 416 1577 bibat
450 1515 594 1578 constet
618 1503 806 1580 Doctores
838 1461 930 1581 ver’o
955 1434 1041 1584 senq
1058 1507 1241 1584 licenciati
1301 1462 1595 1582 robabunt'ante
1627 1505 1697 1579 ad-

153 1663 154 1666 r
313 1601 524 1676 missionem
548 1602 717 1681 similiter
739 1627 809 1706 per
833 1617 987 1704 quatuor
1004 1605 1181 1682 honestas
1206 1618 1243 1681 et
1283 1602 1333 1680 de
1357 1603 1491 1704 dignas
1511 1627 1695 1706 personas
1833 1685 1837 1692 ,

303 1719 385 1874 Ἐο
410 1719 531 1776 coram
561 1697 734 1802 Capitnlo
760 1716 886 1780 nostro
910 1705 1155 1806 personaliter
1174 1707 1370 1780 counitnte
1394 1705 1595 1806 promittant
1620 1697 1696 1780 tide

363 1807 411 1890 ta,
436 1809 474 1874 et
499 1795 636 1877 deinde
662 1801 902 1904 corporaliter
924 1816 1092 1906 prestent
1106 1802 1320 1880 Juramonta
1344 1801 1444 1904 qnod
1467 1799 1564 1878 idem
1583 1825 1723 1898 nsan-⁸
1812 1837 1818 1848 ’

310 1895 470 1974 mondus
495 1919 565 1973 sen
589 1902 828 2002 recipiendus
864 1903 1041 2003 legittime
1066 1916 1172 1978 natos
1204 1906 1342 1981 existat
1366 1902 1696 1979 sentententiam
1732 1902 1735 1908 ’
1810 1903 1844 2004 J

311 2019 381 2098 per
403 1995 636 2098 priuilegium
671 2001 882 2077 doctoratus
915 2027 985 2082 sen
1017 2005 1179 2079 licencia
1210 2013 1274 2079 ant
1305 2002 1401 2078 alias
1433 2003 1615 2102 ‘legittime
1647 1999 1696 2075 ad

313 2098 430 2204 miuus
456 2117 532 2214 per·
549 2094 643 2172 duas
668 2097 844 2220 honestas
870 2113 908 2176 et
932 2101 1007 2178 fido
1023 2099 1166 2220 ‘dignas
1185 2097 1393 2278 personas,
1430 2124 1474 2176 se
1509 2100 1696 2176 doctorem

312 2206 374 2270 aut
398 2195 628 2272 ltcenoraturn
654 2219 735 2275 num
761 2221 887 2300 rigore
912 2223 1094 2278 examrnrs
1117 2223 1185 2300 pro
1211 2213 1249 2278 et
1271 2201 1454 2278 Volumus
1477 2213 1593 2276 tamen
1607 2221 1698 2296 pro·

314 2295 462 2370 missum
478 2303 647 2370 statutum
673 2321 896 2397 nequaquam
921 2299 1073 2375 extendi
1098 2299 1145 2375 ad
1160 2311 1315 2400 quatuor
1337 2299 1549 2401 prebendas
1566 2319 1697 2373 sacer·
1765 2304 1769 2310 '
1823 2360 1829 2373 .
1896 2278 1899 2289 ¹

316 2392 461 2470 dotales
495 2416 542 2469 ac
568 2389 661 2470 duas
697 2393 924 2497 dyaconales
958 2421 1053 2476 voce
1086 2398 1278 2500 capitulari
1313 2410 1502 2487 carentes,
1538 2397 1698 2494 Insuper

341 2494 401 2568 nia
423 2493 486 2568 ubi
511 2493 713 2596 pericnlum
740 2497 854 2570 mains
880 2499 1032 2572 vertitur
1058 2517 1147 2572 cura
1181 2497 1371 2572 solicicior
1394 2507 1454 2569 est
1478 2491 1696 2570 adhibenda

374 2591 607 2670 nsiderantes
631 2595 743 2692 igitur
767 2593 877 2685 Quod
913 2597 1056 2670 vicaria
1088 2603 1269 2696 perpetua
1302 2597 1339 2668 in
1364 2591 1612 2684 Straubingen
1646 2592 1696 2666 de

313 2691 510 2768 maioribus
545 2693 712 2768 ecclesie
744 2693 974 2791 Augustensi
1018 2695 1263 2796 incorporatis
1298 2691 1477 2768 ecclesiis
1503 2690 1697 2791 eidemque

314 2809 403 2866 cura
426 2815 459 2865 ιιι
512 2815 559 2866 na
582 2813 730 2867 annexa
754 2793 902 2868 exsistit
923 2791 1108 2892 Quodque
1131 2792 1328 2894 capitulum
1352 2799 1510 2868 trostmm
1535 2793 1572 2864 in
1598 2790 1697 2866 dicto

93 2964 94 2993 p
153 2975 164 2994 s
315 2887 453 2990 opido
519 2891 736 2989 traubiogen
768 2891 864 2968 Jura
895 2891 1094 2994 priuilegia
1125 2915 1171 2969 ac
1204 2893 1393 2968 libertates
1422 2913 1492 2967 non
1532 2889 1721 2978 modicas,

388 2999 427 3065 et
449 2987 634 3066 volentes
667 2991 785 3068 eciam
814 3003 854 3065 ut
888 2992 1053 3066 canonici
1092 2993 1259 3084 ecclesie
1291 3003 1419 3067 nostre
1442 2991 1696 3089 Angustensis

313 3086 538 3188 capitulares
570 3089 631 3189 qui
666 3091 702 3163 in
734 3089 942 3188 dirigendis
976 3091 1143 3168 ecclesie
1175 3091 1344 3190 negociis
1376 3089 1523 3190 pondua
1557 3085 1632 3165 diei
1659 3098 1697 3164 et

312 3200 417 3263 estus
464 3197 593 3271 ortaut,
618 3187 782 3264 laborum
807 3211 955 3264 suorum
980 3191 1270 3268 vicissitudinem
1294 3211 1337 3264 re
1387 3201 1481 3264 rtent
1494 3185 1696 3265 Statuimus

312 3296 351 3362 et
376 3211 648 3362 narbasanes
674 3285 723 3362 de
748 3299 874 3365 cetero
899 3289 1039 3364 nicona
1064 3267 1232 3390 predicta
1266 3292 1302 3362 iu
1361 3288 1576 3384 traubingen
1602 3307 1697 3383 quo

312 3386 574 3486 cienscnnrque
600 3397 637 3462 at
662 3407 888 3487 quocumque
915 3382 1021 3464 modo
1048 3411 1162 3465 casus
1188 3389 1401 3463 tammonis
1433 3384 1536 3460 illius
1561 3405 1696 3460 occur-

313 3487 404 3560 rerit
428 3485 520 3560 nulli
545 3485 759 3562 conteratur
784 3509 856 3564 nec
881 3491 1068 3588 qumquam
1092 3483 1141 3562 ad
1173 3487 1270 3562 illurn
1307 3485 1513 3560 admittatur
1537 3483 1610 3558 nisi
1628 3499 1697 3557 oa·

313 3583 468 3662 nomicos
495 3585 661 3662 ecclesie
687 3599 814 3664 nostra
838 3599 921 3662 actu
947 3609 992 3662 ca
1016 3586 1181 3678 itularis‚
1204 3596 1268 3661 aut
1291 3581 1342 3661 de
1366 3603 1553 3659 consensu
1575 3581 1697 3658 tocius
1812 3599 1818 3609 '

315 3685 465 3786 capituli
501 3686 644 3760 nemine
677 3681 915 3788 discrepante
950 3709 974 3761 a
1034 3684 1108 3762 boc
1142 3695 1370 3762 conuocatus
1403 3705 1454 3758 ex
1485 3680 1698 3758 nacionibus

315 3783 441 3860 causis
465 3783 585 3878 ipsum
610 3780 658 3860 ad
682 3781 756 3861 boo
781 3785 1020 3876 monentibus,
1045 3785 1248 3861 canonicus
1264 3805 1336 3866 non
1361 3781 1576 3883 capitularis
1592 3779 1724 3858 Eoo-⁴

314 3879 413 3958 leste
437 3882 713 3982 nimetensis,
747 3882 819 3978 Qui
847 3887 963 3960 eciam
989 3886 1047 3961 sio
1082 3881 1319 3984 recipiendus
1351 3905 1421 3958 reu
1453 3873 1696 3956 adudttendns
1826 3903 1858 3970 j

314 3979 459 4059 Jurabit
483 3981 660 4058 articulos
683 3983 943 4085 infrascriptos
955 3991 992 4062 et
1031 3983 1341 4061 uemlibeteornm
1365 3983 1404 4057 in
1424 3976 1583 4056 solidum
1600 3975 1695 4055 fide-

314 4079 402 4156 liter
414 4079 513 4158 dolo
527 4093 566 4158 et
580 4080 714 4160 fraude
740 4085 971 4162 cessantibus
987 4007 1192 4182 obseruare
1212 4093 1340 4158 tenere
1356 4092 1395 4158 et
1412 4079 1512 4158 nullo
1530 4099 1696 4178 amquam

310 4187 479 4282 tenpore
512 4185 772 4262 contravenire
808 4179 1058 4284 qnordsmodo.
1099 4182 1224 4260 Primo
1254 4183 1289 4260 si
1315 4205 1387 4258 nou
1416 4192 1476 4259 est
1514 4175 1696 4255 sacerdos

1301 4295 1367 4375 0*
