4209 5034
693 555 1250 673 epscopusnugaun.
1627 489 1698 651 dn

312 785 574 866 ordinationem
600 789 875 890 quoquomodo
899 783 1010 868 alicui
1035 790 1230 892 suffragari
1265 813 1334 869 non
1360 793 1503 894 possint
1532 794 1638 872 wan
1664 799 1699 877 si
1727 781 1730 786 ⁵

314 888 365 968 da
387 886 465 964 illia
489 889 661 992 spetialis
684 891 883 993 specifica,
913 903 952 970 ct
977 911 1163 994 expressa
1187 913 1233 967 au
1257 886 1308 966 de
1333 891 1447 968 uerbo
1472 889 1521 969 ad
1545 896 1698 973 uerbum

311 990 447 1066 mantio
471 987 534 1065 dat
565 1011 637 1089 que
668 993 788 1067 omnia
818 987 941 1092 quoad
977 989 1052 1069 boc
1084 991 1222 1068 nullius
1256 989 1402 1068 roboris
1435 993 1498 1070 nel
1531 996 1699 1073 monenti

312 1091 482 1166 existere
512 1091 621 1165 etiam
651 1090 886 1169 deceruimus
923 1115 993 1195 per
1024 1105 1231 1196 presentes
1287 1089 1394 1168 Nulli
1425 1113 1518 1193 ergo
1555 1098 1699 1172 omnino
1850 1105 1854 1118 '

311 1187 499 1278 domim
511 1189 624 1266 liceat
645 1190 741 1269 banc
755 1195 922 1294 paginam
938 1203 1139 1268 noseorum
1158 1189 1410 1268 ratificationis
1423 1194 1699 1300 approbationis

313 1289 560 1392 suppletionis
584 1293 707 1368 maluti
733 1292 972 1368 ordinationis
996 1306 1035 1370 et
1059 1291 1199 1370 decreti
1221 1290 1424 1392 infringere
1449 1294 1513 1369 nel
1542 1295 1579 1370 ei
1604 1317 1699 1378 anan

313 1391 510 1468 temerario
535 1394 729 1468 conndre.
778 1390 910 1493 Siquis
933 1402 1051 1469 autem
1084 1391 1157 1470 lucc
1189 1404 1401 1493 attemptare
1433 1395 1701 1499 presumpserit

314 1490 597 1589 indignationem
621 1496 877 1596 omnipotentis
901 1490 963 1568 dei
989 1506 1028 1570 et
1050 1494 1237 1572 beatorum
1263 1491 1367 1568 Petri
1394 1501 1434 1569 et
1459 1493 1567 1568 Pauli
1592 1495 1700 1594 Apo-

313 1587 491 1667 stolorum
517 1592 601 1666 eiua
624 1615 670 1667 se
697 1595 841 1670 nouerit
856 1595 1092 1670 incursorum.
1130 1593 1260 1668 Duum
1279 1591 1433 1669 Romen
1459 1591 1508 1668 nd
1523 1591 1701 1670 Sanctum

314 1711 472 1766 marcum
488 1690 597 1768 Auno
622 1691 890 1769 iucarnationis
916 1693 1098 1772 dominice
1115 1691 1319 1771 Millesimo
1345 1715 1392 1792 qn
1444 1695 1700 1792 nogentesimo

275 1835 283 1848 ·
315 1793 548 1966 aaxpgesAipp
611 1794 707 1867 uinto
722 1789 1024 1969 d(guintodecino
1060 1789 1258 1873 Kalendas
1293 1791 1420 1869 Martii
1464 1793 1700 1870 Pontificatns

317 1913 385 1965 noa
401 1913 437 1964 rr
532 1913 567 1966 ro
625 1913 721 1970 ecnn
771 1947 782 1967 .
1243 1937 1248 1950 ·
1706 1911 1711 1923 “

923 2293 1085 2380 ΧἮΙΙ.
1234 2297 1236 2305 ’

776 2513 866 2572 Anno
888 2509 983 2573 ttae.
1025 2513 1059 2572 o.
1079 2509 1195 2573 lilartll.

315 2684 473 2779 Petrus
493 2715 569 2808 ep.
599 2698 885 2792 consentiente
910 2695 1093 2804 capitulo
1123 2693 1288 2778 ordinat
1304 2692 1418 2802 quod
1436 2695 1572 2778 omnia
1592 2693 1702 2779 bona

317 2813 483 2900 mobilia
510 2807 620 2924 quae
646 2803 749 2926 ipse
778 2823 822 2901 et
848 2835 1126 2901 successores
1157 2813 1224 2897 sui
1253 2811 1516 2926 reliquerint,
1560 2805 1702 2898 eccle-

699 2935 788 3020 siae
815 2933 1029 3044 pertinere
1061 2929 1241 3018 debeant
1265 2933 1345 3015 etc.
1446 3009 1450 3020 .

414 3164 552 3244 Petrae
574 3165 829 3246 Miseracinne
860 3162 989 3244 diuina
1019 3163 1115 3242 tituli
1140 3159 1271 3240 Sancti
1297 3161 1431 3244 llutalis
1461 3169 1701 3244 sacrosancto

317 3262 483 3342 &mane
516 3268 681 3346 ecclesie
711 3268 918 3369 Presbyter
949 3262 1164 3344 cardinalis
1202 3286 1250 3340 ac
1274 3283 1326 3342 ex
1356 3261 1561 3364 apostolice
1594 3259 1702 3344 sedis

316 3367 560 3483 pepnisainne
592 3369 759 3446 ecclesie
785 3366 1041 3486 Angusteuais
1066 3365 1280 3540 Episcopus
1316 3361 1381 3440 Ad
1413 3361 1522 3438 Illius
1554 3357 1702 3441 nudem

316 3465 624 3669 sunnin
639 3482 877 3668 secun
901 3461 1534 3644 nunnuulr‘uut
1550 3467 1702 3672 ‘inu

318 3663 404 3744 Nos
427 3665 477 3742 ad
501 3671 643 3769 apicem
669 3667 898 3746 Pontificalis
929 3665 1118 3766 dignitatis
1148 3664 1337 3740 sublimari
1372 3671 1501 3740 sancte
1535 3653 1701 3774 ecclesie

317 3767 573 3866 Arguatensis
587 3771 755 3870 genitrici
768 3767 988 3867 anerirginl
1012 3766 1125 3844 marie
1150 3775 1368 3842 consecrate
1384 3779 1559 3864 sponsum
1572 3753 1702 3859 pretim
1733 3773 1746 3787 ·

318 3865 382 3943 Ao
415 3867 472 3944 illi
505 3893 625 3968 reque
656 3872 702 3948 In
736 3867 844 3964 Qnad
914 3867 1066 3943 esimum
1103 3861 1304 3941 secundum
1336 3885 1467 3940 annum
1503 3851 1701 3960 presidere

317 3964 607 4046 misericorditer
636 3972 801 4072 permisit
831 3995 853 4046 a
909 3969 1006 4044 icitia
1037 3965 1139 4042 curis
1171 3963 1330 4040 libenter
1353 3955 1599 4076 Intendimus3
1632 3976 1702 4056 per

319 4089 413 4164 qaas
437 4066 643 4146 deformata
662 4069 707 4146 ln
732 4067 864 4147 melina
895 4066 1134 4145 emendemus
1164 4073 1416 4162 anquatenus
1441 4059 1484 4136 ln
1514 4058 1620 4134 nebus
1643 4065 1702 4132 est

318 4167 404 4266 paui
430 4179 468 4243 et
500 4170 612 4269 quieti
644 4171 747 4248 illina
777 4173 836 4249 ain
868 4163 1103 4274 prouidentur
1134 4175 1175 4244 rt
1202 4163 1389 4240 summotis
1427 4155 1702 4238 difficultatibus
