4209 5034
348 468 454 567 ³44
535 420 537 428 .
791 516 797 528 ·
910 467 1201 563 Monuments‘

348 719 516 789 uestrum
554 683 749 784 oneramus
787 707 825 780 in
856 708 1077 786 munasterio
1108 703 1212 781 illius
1248 699 1390 778 titulum
1423 711 1461 776 et
1498 653 1662 777 ordinem
1678 724 1743 777 uc

354 806 711 888 Gonueutnulitatem
742 827 886 883 necnon
920 811 958 884 in
990 806 1154 884 ecclesia
1192 797 1374 906 predictis
1416 801 1499 876 cius
1543 797 1743 900 collegium

356 935 461 1010 quum
487 911 524 984 in
550 907 626 984 illis
644 905 778 990 [babitu
802 919 1055 984 remanserunt
1088 899 1460 982 consumptoriam
1485 909 1611 975 nostru
1634 901 1743 1000 peul-

352 1022 416 1085 tus
441 1007 674 1110 supprimatis
699 1016 737 1082 et
762 1007 988 1106 exdnguatis
1016 1026 1159 1083 necnon
1177 996 1401 1102 improdicta
1419 1021 1493 1076 suu
1512 1004 1551 1074 et
1573 999 1611 1072 iu
1626 1003 1745 1118 ipsius
1890 1018 1897 1028 ·

321 1107 578 1184 v‘bluntrsterii
618 1104 794 1182 ecelesiis
832 1105 905 1182 ulio
942 1107 1136 1209 perpetuis
1177 1101 1447 1180 ecclesiasticis
1481 1097 1675 1176 benefieiis
1709 1100 1745 1175 si

207 1265 212 1274 .
357 1231 429 1307 que
455 1207 547 1283 alias
572 1205 710 1280 inillis
735 1227 805 1279 nou
831 1205 969 1283 luerint
992 1227 1062 1308 per
1088 1226 1156 1279 uos
1182 1202 1356 1279 institutis
1379 1222 1426 1277 ae
1450 1223 1517 1302 pro
1542 1197 1591 1273 ud
1617 1196 1683 1273 illu
1706 1201 1744 1274 in

358 1306 536 1382 eeclesiis
561 1301 703 1380 eisdem
730 1327 777 1406 pe
824 1317 909 1382 etnu
935 1300 1201 1382 beneficiandis
1226 1323 1340 1404 super
1362 1297 1545 1376 fructibus
1564 1296 1745 1393 predictis

358 1407 532 1500 congruis
547 1403 782 1505 porcionibus
826 1407 996 1506 equibus
1012 1404 1191 1482 decenter
1200 1401 1398 1476 sustentari
1406 1397 1652 1500 Episcupnlis
1665 1399 1746 1472 iuro

357 1503 509 1580 soluere
535 1513 572 1580 et
592 1505 666 1578 aliu
687 1502 757 1580 sibi
780 1505 1031 1581 incumbencia
1052 1507 1402 1598 ouem-supportare
1423 1499 1569 1574 uoluunt
1585 1497 1763 1587 similiter,
1925 1573 1934 1582 ,

358 1611 541 1704 perpetuo
568 1604 771 1678 resumatis
797 1603 970 1678 residuos
996 1603 1141 1674 fructus
1165 1595 1333 1673 redditus
1362 1605 1400 1670 et
1431 1607 1634 1695 prouentus
1657 1595 1747 1671 blo-

357 1703 512 1777 nnsterii
537 1713 575 1774 et
601 1701 767 1775 centurie
792 1711 999 1774 sanctorum
1026 1699 1120 1800 putri
1145 1710 1183 1771 et
1207 1695 1307 1796 pauli
1327 1692 1575 1794 predictorum
1600 1693 1747 1796 prefate

356 1819 486 1874 mense
510 1807 690 1896 perpetuu
715 1796 912 1896 applicetis
940 1811 977 1872 et
1002 1798 1205 1872 senectutis
1242 1804 1445 1870 statuentes
1470 1805 1508 1869 et
1533 1789 1763 1886 ordinantes,

382 1894 457 1972 uod
481 1891 592 1976 iidem
617 1888 761 1968 residui
785 1893 928 1971 fructus
953 1893 1123 1971 redditus
1148 1903 1186 1970 et
1236 1905 1412 1968 rouentus
1439 1916 1508 1995 per
1531 1893 1747 1996 Episcopus

358 1921 624 2094 lingonenses
649 2015 717 2092 pru
741 2007 905 2096 tempore
931 1996 1140 2070 existentes
1166 2003 1203 2068 et
1254 1992 1438 2094 piscopeli
1463 1991 1559 2068 sede
1576 1993 1763 2092 nuguse·

359 2095 441 2170 ensi
468 2104 622 2168 uncuute
647 2113 717 2195 per
735 2083 893 2169 dilectus
919 2095 1026 2171 nubis
1052 2097 1089 2168 iu
1106 2089 1258 2170 onusto
1276 2088 1484 2194 Capitulum
1502 2092 1563 2170 Au
1617 2104 1748 2170 stense

359 2191 569 2268 scolaribus
584 2213 703 2292 usque
719 2187 768 2266 ud
793 2203 931 2269 certum
956 2191 1186 2270 statuendum
1205 2215 1391 2278 numerum
1408 2213 1518 2268 sacre
1532 2116 1748 2290 Tidolugie

359 2302 398 2367 et
422 2291 528 2367 Juris
555 2291 722 2367 canonici
748 2287 871 2368 studio
903 2295 940 2367 in
965 2292 1064 2370 locis
1095 2293 1162 2368 ubi
1190 2291 1283 2367 illud
1316 2293 1444 2390 uigeat
1502 2291 1654 2383 euerale
1688 2295 1747 2368 iu-

122 2417 127 2430 ·
282 2403 285 2408 ’
360 2389 575 2468 sistentibus
602 2400 639 2466 et
663 2393 701 2466 iu
726 2387 931 2468 huiusmodi
968 2393 1092 2469 studio
1125 2413 1194 2492 per
1218 2391 1445 2494 Episcopum
1510 2401 1767 2490 ugustensem·

253 2533 257 2540 ·
405 2513 427 2566 u
453 2499 616 2591 tempure
642 2493 858 2568 existentem
885 2493 954 2570 sub
980 2491 1104 2594 equali
1130 2513 1281 2567 numero
1306 2495 1343 2567 in
1359 2489 1573 2591 Theologie
1588 2503 1625 2567 et
1640 2491 1747 2568 Juris

356 2513 568 2666 lliusnoti
592 2587 828 2668 fucultaiibus
854 2589 1025 2668 tenendis
1066 2591 1226 2668 debeant
1257 2589 1418 2670 fideliter
1450 2601 1487 2668 et
1512 2593 1657 2690 integre
1680 2591 1749 2666 mi-

240 2717 243 2723 ·
284 2752 288 2758 ,
360 2689 519 2763 nistreri.
569 2686 750 2763 Volumus
785 2701 904 2767 autem
957 2715 1000 2767 er
1024 2715 1095 2767 uos
1129 2704 1167 2766 et
1192 2690 1325 2767 dietum
1359 2700 1499 2796 petrum
1524 2689 1750 2794 Episcopum

360 2807 476 2902 super
495 2784 580 2904 ‘boc
616 2789 806 2905 oportunis
839 2791 1117 2907 municionibus
1149 2803 1186 2866 et
1225 2791 1380 2867 cbutelis
1418 2785 1608 2891 prouideri
1648 2789 1749 2892 quod

362 2879 506 2959 residui
531 2882 675 2959 fructus
692 2880 859 3006 predicti
884 2913 955 2965 non
980 2884 1029 2965 ad
1056 2889 1149 2965 alios
1175 2885 1247 2966 sed
1272 2887 1649 2968 dumtaxsttlictorum
1668 2903 1750 2967 stu·

225 3035 228 3044 -
362 2981 532 3058 (leucium
556 3002 648 3058 usus
672 2985 817 3081 integre
843 2999 1100 3064 conuertuntur
1120 3011 1235 3091 super
1260 3013 1332 3090 quo
1349 2999 1564 3068 vestrumst
1583 2987 1749 3066 eiusdem

361 3083 458 3184 putri
484 3079 666 3185 Episcopi
691 3087 949 3164 conscienciae
975 3085 1147 3163 duximus
1179 3089 1390 3166 onerandas
1415 3089 1597 3166 Preterea
1619 3106 1749 3166 omues

361 3189 400 3258 et
434 3181 605 3281 singulos
646 3205 950 3286 quorumcumque
984 3189 1159 3266 bonomm
1200 3187 1301 3266 dicte
1339 3187 1508 3267 ecclesie
1540 3201 1748 3268 sauctorum

412 3281 456 3356 tri
483 3293 520 3356 et
545 3281 645 3384 pauli
668 3297 913 3387 occupatores
939 3310 1009 3364 seu
1034 3310 1083 3364 ea
1107 3299 1275 3365 terrentes
1305 3291 1452 3392 pignori
1486 3288 1558 3366 sibi
1590 3289 1749 3384 obligate

359 3404 372 3454 1
392 3379 437 3467 ,is
461 3393 579 3457 temen
593 3385 666 3482 -qui
692 3406 737 3460 eu
762 3388 820 3461 sic
845 3387 1009 3488 obligata
1032 3397 1159 3484 tenent
1184 3387 1305 3465 debite
1330 3388 1551 3466 creditomm
1576 3388 1748 3466 satisfec-

200 3547 205 3554 .
359 3480 459 3554 t'rune
484 3483 587 3580 prius
604 3483 769 3584 impensa
794 3484 841 3560 sd
868 3483 1115 3566 dimittendum
1130 3499 1168 3564 et
1191 3487 1454 3566 restituendum
1473 3489 1592 3566 libere
1617 3485 1750 3565 eadum

359 3577 456 3653 bunc
487 3577 656 3656 ecclesie
689 3577 859 3684 predicte
893 3587 942 3664 ud
968 3613 1061 3664 usus
1089 3586 1255 3692 prelatos
1289 3611 1360 3691 per
1391 3609 1585 3665 censuram
1619 3588 1751 3666 secta

264 3699 267 3704 ’
359 3675 545 3755 siasticum
570 3689 608 3752 et
632 3680 707 3758 elia
731 3696 909 3783 oportune
933 3689 1024 3762 iuris
1050 3687 1215 3764 remedia
1239 3689 1454 3767 auctoritate
1491 3701 1615 3764 nostru
1646 3706 1749 3765 com·
1865 3677 1872 3695 ‘

358 3772 508 3880 pellatis
532 3774 710 3854 luvocatu
747 3784 862 3861 eciem
895 3785 943 3864 ud
979 3786 1052 3864 boc
1089 3789 1123 3862 si
1158 3809 1182 3862 o
1209 3811 1254 3862 us
1286 3787 1400 3864 tuerit
1432 3787 1574 3864 auxilio
1604 3785 1747 3864 bruchii

359 3873 547 3970 secularis
568 3873 700 3953 Datum
718 3879 858 3961 basilee
873 3881 936 3961 die
948 3887 1017 3961 iii‘.
1036 3811 1264 3963 Nouemlris
1276 3888 1389 3963 Auno
1403 3886 1537 3962 domiui
1552 3885 1746 3964 millesimo

361 3977 594 4148 ccccxxxii?
638 3973 843 4059 indictione
878 3987 946 4087 xij.
985 3913 1225 4062 luminemus
1259 3988 1481 4062 sanctissimi
1519 3987 1570 4060 iu·
1592 3983 1746 4064 Christo

358 4080 475 4194 pam&
502 4083 539 4150 et
589 4079 695 4152 omini
722 4085 835 4160 nostri
871 4083 1004 4162 domini
1029 4082 1195 4184 Eugeuij
1232 4083 1354 4162 diuina,
1385 4085 1627 4187 prouideuuie
1650 4105 1749 4190 pepe

355 4182 477 4291 quarn
500 4174 612 4254 Αιιηο
637 4189 776 4278 quartu·
911 4275 916 4282 ‚
