4209 5034
698 524 973 637 epiecopstns
997 524 1256 645 Autumni·
1585 528 1689 631 ebt

913 906 1078 997 XCIX.

746 1148 837 1213 ense
861 1146 957 1211 ¹41⁰.
995 1146 1028 1213 4.
1047 1092 1238 1217 Decembris.

299 1338 574 1435 uterinum
602 1340 967 1456 epiundntioucm
995 1352 1039 1435 ct
1063 1344 1314 1459 dotutionem
1330 1354 1563 1458 perpetuae
1579 1354 1680 1440 mis·

175 1517 179 1525 -
300 1484 378 1551 see
404 1465 676 1584 inhospitali
714 1466 859 1575 oppidi
895 1468 1105 1583 Diiingcn
1143 1491 1222 1579 per
1259 1466 1463 1555 domnum
1497 1466 1683 1561 Ulricnm

663 1585 986 1701 Burggravium
1013 1592 1147 1671 ratam
1174 1584 1315 1673 habet.

402 1828 446 1909 In
471 1834 616 1913 nomine
642 1832 787 1914 domiue
810 1836 931 1917 Amen
957 1834 1166 1917 Pastomlis
1199 1834 1312 1915 ollioii
1338 1830 1496 1923 debitum
1522 1854 1594 1937 quo
1619 1858 1687 1913 su·

300 1952 381 2009 mus
418 1935 609 2011 vmnersis
648 1936 823 2013 ecclesiis
865 1949 990 2018 nostre
1029 1932 1273 2015 iurisdictioni
1315 1938 1494 2017 subiectis
1528 1934 1682 2037 obligati

301 2029 457 2111 assidue
481 2056 552 2112 nos
576 2034 769 2156 compellit·
787 2050 826 2134 ut
851 2039 953 2115 circe
975 2038 1137 2157 ipserum
1162 2048 1199 2115 et
1225 2038 1423 2158 earundem
1443 2060 1686 2139 persouerum

299 2132 1685 2343 titii‘butttidtitdtdtttitii'istitttitt

300 2332 538 2409 cessitatibos
562 2344 600 2411 et
624 2336 924 2437 oportunitatibus
948 2330 1180 2439 prouideudo
1204 2334 1353 2417 Idcirco
1378 2335 1464 2415 Nos
1488 2332 1682 2413 Eberhar-

302 2426 374 2508 dus
405 2428 469 2509 dei
505 2436 543 2511 e't
565 2435 774 2534 apostolice
806 2432 911 2513 sedis
942 2438 1068 2533 gracie
1099 2436 1315 2537 Episcopus
1346 2436 1601 2550 Augustensis
1633 2430 1684 2511 od
1853 2454 1859 2459 ·

304 2543 512 2633 perpetuam
537 2536 593 2610 rei
614 2536 820 2611 inemeriem
845 2548 1016 2613 constare
1041 2534 1209 2611 volumus
1232 2536 1457 2637 presentium
1491 2543 1684 2635 inspecto-

302 2630 407 2707 ribus
426 2632 615 2710 uniuersis
641 2630 937 2712 considerantes
961 2636 1010 2709 itu
1035 2655 1084 2711 ue
1121 2632 1215 2713 iliud
1246 2632 1343 2715 felix
1374 2630 1545 2711 lucrandi
1582 2654 1684 2714 com-

297 2730 472 2809 mercium
495 2735 531 2809 iu
556 2756 628 2835 quo
653 2732 881 2811 venerabilis
905 2746 944 2809 et
966 2734 1003 2809 iu
1057 2731 1174 2809 irrisio
1201 2732 1360 2811 deuotus
1378 2734 1533 2811 Virieus
1557 2730 1683 2833 Burg-

297 2830 423 2931 greuii
455 2830 621 2911 decenus
652 2834 820 2913 ecclesie
852 2844 978 2912 nosue
1010 2832 1263 2929 Augustcnsis
1303 2830 1503 2935 prudenter
1534 2843 1684 2911 terrena

326 2956 369 3008 ro
402 2930 605 3033 celestibus
638 2942 767 3011 eterne
799 2956 868 3037 pro
901 2932 1162 3034 temporalibus
1201 2930 1338 3011 utiliter
1376 2942 1609 3011 commutetur
1645 2942 1692 3037 et

295 2956 515 3109 Ecclesiam
537 3032 802 3133 parrochialem
834 3033 872 3109 in
895 3032 1110 3133 Kiktingen
1135 3044 1326 3113 vacentem
1350 3030 1398 3109 ad
1429 3054 1588 3139 presens
1613 3052 1684 3133 per

297 3129 454 3209 enemo
477 3134 774 3233 resigneciouem
798 3131 921 3211 Virici
945 3132 1095 3211 Aiberti
1126 3130 1240 3209 ultimi
1269 3142 1306 3213 et
1338 3132 1524 3211 immediati
1557 3143 1681 3209 recto-
1840 3175 1845 3187 x

299 3232 355 3308 ris
379 3226 544 3309 mmdem
570 3233 631 3334 qui
653 3228 705 3309 nd
730 3230 972 3309 collaciouem
996 3232 1116 3337 ipsius
1143 3230 1276 3311 deceni
1298 3240 1442 3335 spectet
1463 3228 1573 3333 pleno
1598 3230 1681 3309 imo

298 3341 428 3409 nostre
453 3330 476 3405 d
506 3330 632 3409 occsis
657 3355 812 3409 unacum
837 3332 914 3408 iilia
937 3357 1006 3409 sua
1029 3330 1177 3409 Kirstat
1200 3341 1240 3411 et
1261 3342 1338 3413 ton
1361 3332 1597 3413 uniuersitete
1624 3328 1683 3405 ri·

300 3428 441 3509 delicet
506 3429 684 3509 dnooecia
715 3434 1007 3550 inrepetrountua
1044 3428 1199 3511 decimis
1235 3442 1273 3509 et
1307 3429 1467 3531 singulis
1500 3428 1681 3507 fructibus

299 3528 510 3609 redditibus
534 3542 573 3609 et
596 3532 887 3609 obuencionrbus
912 3542 948 3607 et
969 3531 1209 3635 pertinenciis
1240 3532 1324 3609 suis
1357 3551 1581 3632 quocumque
1614 3552 1682 3605 no·

301 3632 399 3707 mine
430 3642 652 3709 censeantur
690 3630 755 3707 Ad
795 3629 941 3707 landem
974 3644 1010 3709 et
1043 3628 1219 3707 honorem
1253 3628 1315 3709 dei
1348 3630 1605 3733 omnipotentis
1644 3640 1682 3707 ct

300 3731 421 3835 ipsius
446 3730 637 3833 genitricis
661 3730 931 3833 gloriosissime
955 3730 1114 3830 virginis
1140 3730 1254 3809 merie
1284 3752 1329 3813 ae
1354 3730 1508 3811 omniun
1532 3740 1682 3808 sancto-

301 3849 380 3907 rum
404 3854 551 3909 suornm
573 3852 720 3912 necnon
746 3830 793 3909 ob
809 3830 964 3909 suumn
990 3844 1027 3908 et
1051 3831 1190 3911 beatam
1205 3832 1377 3935 ,requiem
1405 3831 1523 3907 eninm
1548 3852 1618 3909 sne
1644 3838 1681 3907 et

302 3927 457 4006 omnium
508 3932 751 4027 regenitorum
777 3954 926 4007 suorum
950 3942 987 4007 ot
1012 3942 1082 4009 tam
1107 3932 1275 4007 vinorum
1301 3956 1404 4032 quem
1427 3926 1682 4009 detunctorum

303 4024 446 4109 Christi
480 3957 641 4110 idelinm
674 4029 872 4111 remedium
907 4030 1175 4110 elleneoioneu
1208 4040 1511 4149 etpeccntorum
1547 4028 1680 4107 remis·

301 4129 456 4247 sionem,
479 4124 547 4211 Art
571 4130 686 4213 aiere
710 4132 827 4235 seputi
852 4130 1032 4212 borbonii
1057 4128 1290 4213 confessoris
1323 4130 1449 4213 eximii
1479 4130 1518 4207 in
1552 4126 1681 4231 hospi·
