4209 5034
478 573 549 669 84
989 533 1290 662 'ltonnnmta
1398 658 1402 666 .

475 809 673 916 loquendo,
696 805 877 904 sedendo,
902 803 1053 904 mdo,
1076 803 1296 886 ambulando
1330 801 1551 912 hospitando
1575 807 1770 892 salutando
1791 817 1844 896 bi-

473 913 597 993 bendo
630 905 859 992 comedendo
898 908 1090 1010 coquendo
1123 905 1294 984 molendo
1326 908 1445 986 cibum
1477 921 1598 1014 potum
1629 939 1756 1016 aquam
1785 916 1846 997 nal
1936 919 1939 927 '

473 1017 595 1110 ignem
611 1009 842 1088 ministrando
867 1031 937 1086 seu
962 1011 1096 1110 quouis
1116 1007 1195 1104 alio
1217 1000 1444 1086 humanitatis
1462 1012 1595 1090 solatio
1619 1018 1845 1137 preterquam

473 1119 511 1194 in
536 1113 685 1192 casibus
709 1137 733 1187 a
756 1107 852 1186 Jore
902 1110 1066 1186 ermissis
1097 1108 1320 1212 participare
1352 1127 1594 1212 presummant
1625 1125 1688 1192 aut
1718 1117 1767 1192 alr
1814 1120 1826 1140 ⁹

444 1345 447 1350 ·
474 1237 669 1392 ppp'pippicpp
670 1233 740 1388 eg?
741 1223 907 1386 rppppltuist
918 1233 966 1385 s1¹11
978 1207 1849 1419 osmugcgfflsmmfflriiggtfflcffpeelss

473 1415 570 1492 inira
595 1413 771 1490 dictarum
796 1409 966 1486 horarum
989 1407 1168 1486 solemnia
1190 1405 1381 1511 predictos
1404 1412 1462 1485 sie
1485 1411 1680 1490 rebelliter
1695 1418 1849 1518 ‘partici-

472 1525 603 1620 pantes
627 1537 780 1590 unacum
806 1507 888 1586 aliis
915 1511 1241 1587 excommunicatis
1273 1512 1485 1610 aggranntis
1517 1523 1556 1588 et
1578 1511 1849 1616 lienggraustis

471 1617 596 1694 taliter
619 1613 954 1692 excommunicatos
977 1611 1128 1730 publice
1151 1609 1384 1686 denuncietis
1408 1622 1447 1687 et
1470 1611 1517 1688 ab
1537 1612 1624 1689 aliis
1639 1613 1849 1696 denunciant

474 1713 635 1791 Necnon
649 1715 695 1789 ab
721 1712 887 1789 omnibns
902 1706 1044 1787 Christi
1060 1707 1235 1787 iidelibus
1248 1709 1373 1786 arcius
1391 1711 1535 1787 einitari
1548 1711 1709 1808 iacietis,
1735 1713 1851 1795 donec

471 1813 721 1892 absolucionis
756 1809 971 1886 beneficium
1007 1811 1209 1886 meruerint
1239 1819 1278 1887 et
1308 1807 1358 1886 de
1394 1821 1521 1888 nonno
1553 1825 1616 1890 aut
1646 1817 1851 1918 superioris

471 1915 587 1999 nostri
612 1911 778 1988 mandato
803 1910 984 1986 contrario
1010 1909 1215 1987 constiterit
1238 1907 1445 1986 euidenter.
1464 1909 1645 1989 Volumus
1669 1928 1791 1994 autem
1815 1929 1851 1995 et

470 2007 571 2090 dicta
595 2013 810 2088 anctoritate
836 2009 1001 2086 omnibns
1027 2021 1066 2086 et
1096 2009 1255 2108 singulis
1280 2003 1421 2086 Christi
1453 2009 1627 2089 fidelibus
1663 2019 1850 2119 utriusque
1995 1986 1996 2019 ³

470 2135 590 2190 sexus
616 2110 819 2186 bominibus
844 2110 913 2185 snb
938 2113 1046 2211 penis
1079 2123 1117 2186 et
1147 2110 1321 2186 censuris
1353 2109 1533 2211 predictis
1564 2115 1792 2218 precipimus
1815 2129 1851 2194 et
1995 2154 1996 2199 ;

471 2207 680 2290 mandamus
696 2233 743 2290 ne
767 2213 841 2312 ipsi
855 2209 918 2287 uel
932 2231 1058 2288 eorum
1076 2208 1211 2308 aliquis
1235 2209 1347 2286 dictis
1366 2215 1688 2290 excommunicans
1716 2239 1852 2317 aggra-
1995 2212 1996 2265 ἵ

472 2315 565 2388 natis
589 2323 627 2387 et
650 2311 944 2411 Beaggranatis‚
983 2309 1048 2389 vel
1073 2301 1180 2386 citeri
1205 2307 1406 2404 eorundem
1439 2335 1544 2412 quam
1569 2310 1633 2390 din
1655 2314 1695 2389 in
1725 2315 1850 2392 buius·

470 2411 568 2490 modi
603 2409 810 2490 rebellione
845 2411 1073 2515 perstiterint
1103 2413 1141 2486 iu
1175 2408 1259 2486 iore
1298 2409 1556 2488 ecclesiastico
1587 2412 1650 2489 uel
1689 2415 1850 2493 seculari

469 2531 586 2615 snper
611 2535 835 2614 quacumque
873 2535 916 2590 re
948 2514 1009 2590 uel
1044 2533 1160 2590 causa
1221 2509 1361 2590 nelibet
1396 2509 1646 2612 respondeant
1676 2517 1744 2592 nel
1770 2539 1850 2594 res·

317 2663 322 2668 -
469 2609 631 2714 pondeat
656 2611 726 2689 sed
751 2615 847 2715 ipsis
872 2614 987 2693 omnis
1010 2613 1165 2690 Joriso
1213 2637 1247 2707 o,
1283 2620 1322 2688 et
1346 2621 1452 2688 actus
1475 2610 1677 2688 Jndioiatts
1702 2615 1853 2718 precin-

471 2713 579 2789 datnr
611 2715 758 2813 penitus
791 2723 830 2790 et
864 2723 1022 2816 negetur
1053 2712 1129 2815 ipsi
1160 2723 1279 2788 tamen
1319 2709 1405 2786 allis
1445 2713 1589 2788 omuino
1621 2714 1851 2816 respondere

302 2849 307 2854 ·
469 2823 671 2888 teneantur.
707 2811 891 2888 Preterea
916 2815 949 2888 si
966 2813 1100 2910 prefati
1116 2810 1418 2889 excommunicati
1443 2815 1637 2910 aggmunti
1661 2827 1701 2889 et
1724 2811 1853 2916 liesg-

300 2931 302 2936 ’
334 2964 340 2975 .
467 2911 611 3007 grauati
636 2931 706 3010 per
737 2911 835 2988 alios
863 2911 991 2988 decem
1029 2911 1113 2987 dies
1147 2909 1268 2988 dictos
1290 2911 1421 3008 viginti
1456 2910 1540 2987 dies
1565 2909 1765 2992 inmediate
1789 2937 1851 2991 se-

470 3021 625 3130 quentes
650 3020 840 3130 ppstquam
855 3007 955 3130 ‘dicti
980 3011 1280 3130 excommunicati
1305 3022 1344 3086 ut
1368 3010 1464 3130 tales
1487 3010 1695 3089 denuncieti
1709 3029 1748 3091 et
1760 3015 1852 3119 pub·

466 3107 568 3185 incuti
592 3107 727 3185 inerunt
758 3135 887 3186 aurmrs
922 3106 1020 3212 quod
1053 3109 1151 3184 absit
1183 3121 1424 3187 sustinuerint
1447 3106 1629 3187 mdurutis
1654 3111 1853 3214 pharaonis

467 3207 643 3286 duriciam
670 3208 847 3286 imitantes
879 3222 917 3285 et
953 3206 1146 3286 admodum
1182 3210 1350 3312 aspidum
1385 3209 1579 3288 surdarum
1610 3235 1743 3289 aures·
1762 3237 1852 3290 suas
1993 3216 1994 3255 l

465 3309 704 3387 obturantium
728 3331 775 3384 ne
801 3331 932 3386 rocem
958 3305 1108 3385 audiant
1132 3311 1349 3386 incantantis
1372 3307 1525 3386 listune
1558 3333 1629 3386 ros
1661 3333 1792 3391 omnes
1816 3324 1854 3391 ct

464 3411 633 3510 singulos
659 3431 774 3510 snpra
799 3408 920 3486 dictos
945 3410 1164 3487 anctoritate
1189 3423 1227 3486 et
1250 3421 1380 3486 tenore
1405 3431 1450 3485 ac
1463 3410 1535 3486 sub
1559 3413 1668 3513 penis
1693 3425 1734 3490 et
1751 3413 1854 3491 sen-

466 3511 599 3587 tenciis
623 3505 815 3586 antedictis
838 3531 878 3585 re
904 3510 1055 3585 ntrinns
1080 3521 1117 3584 et
1142 3532 1346 3604 monemus,
1386 3521 1565 3608 quatenus
1596 3513 1714 3588 statim
1750 3523 1853 3616 post·

491 3633 573 3686 uam
597 3631 665 3712 pro
717 3619 798 3684 arte
821 3632 867 3711 pr
907 3612 955 3684 ati
981 3609 1298 3686 Reuerendissimi
1322 3611 1437 3712 patris
1466 3607 1597 3686 donini
1623 3611 1727 3688 Petri
1754 3608 1853 3690 Gar·

466 3635 601 3786 linaiis
626 3723 664 3785 et
689 3633 866 3812 Episcopi
890 3709 1113 3811 principales
1148 3732 1265 3811 snper
1288 3707 1369 3786 -boc
1402 3708 1549 3786 fueritis
1588 3713 1757 3830 requisiti
1783 3732 1853 3788 scu

464 3819 627 3885 vestrum
653 3807 746 3883 alter
772 3805 883 3884 inerit
906 3811 1108 3910 requisitus
1134 3805 1274 3885 Omnes
1302 3819 1340 3884 et
1364 3809 1532 3902 singulos
1557 3804 1724 3888 dommus
1750 3810 1853 3886 Bec-

462 3919 566 3986 tores
592 3919 629 3984 et
654 3906 838 3986 officiales
854 3903 1053 3985 Cinitntum
1072 3907 1265 4011 opidorum
1280 3919 1482 3984 castrorum
1504 3907 1726 3987 dominorum
1741 3909 1853 3986 villa·

463 4031 542 4083 rum
569 4015 607 4083 ct
630 4007 785 4084 aliorum
809 4009 971 4085 locorum
998 4028 1293 4110 quorumcunque
1327 4011 1363 4083 in
1397 4021 1435 4085 et
1470 4010 1540 4084 sub
1574 4012 1704 4110 quibus
1730 4009 1853 4088 dictos

461 4110 804 4187 excommunicatos
828 4131 878 4208 ag
947 4121 1053 4186 natos
1077 4119 1116 4185 et
1140 4108 1421 4207 lieaggruuntos
1454 4110 1586 4184 morari
1611 4131 1681 4186 seu
1705 4105 1757 4185 ad
1780 4127 1851 4228 pue

460 4229 533 4286 eos
561 4207 753 4289 declinare
777 4205 840 4288 uel
894 4211 1047 4286 euenire
1076 4208 1273 4309 contigerit
1298 4219 1468 4310 exparte
1492 4222 1618 4309 nemra
1636 4228 1849 4312 ymouenm
