4209 5034
371 567 474 658 288
870 672 882 684 x
927 568 1196 654 Monumenta

367 798 579 881 Frederico
595 800 797 901 ‘Episcopo
823 809 950 875 contra
987 800 1211 898 promisionis
1244 821 1387 876 necnon
1414 794 1463 878 dc
1490 798 1587 876 dicto
1612 798 1759 879 donnino

366 902 573 980 Auslrelrno
599 901 747 977 Elector
760 909 798 974 ct
823 899 1031 988 confirmato
1057 898 1155 977 laete
1176 912 1286 999 ¹prout
1312 900 1355 978 ln
1382 894 1491 974 dictis
1514 899 1634 975 literis
1661 919 1756 999 upo-

366 1004 512 1080 stolicis
537 1004 743 1083 continetur
769 998 1006 1098 profectionis
1031 1022 1078 1075 uc
1104 1000 1378 1075 declareciouis
1404 997 1631 1099 prolaturum
1649 1002 1758 1093 vigo·

366 1126 446 1179 rem
472 1114 509 1177 et
533 1101 814 1178 subsistenciem
847 1121 915 1197 per
949 1121 1074 1175 eorum
1107 1101 1262 1200 aliquem
1297 1100 1519 1195 Ingerendis
1549 1094 1759 1175 adhesione

367 1212 404 1279 et
429 1202 598 1277 fautoris»
650 1197 909 1299 Occupatores
935 1222 1028 1275 rero
1063 1210 1100 1273 et
1130 1200 1344 1275 detentores
1372 1222 1492 1275 rerum
1518 1209 1555 1273 et
1581 1198 1760 1273 bonorum

368 1299 568 1377 eorundem
607 1302 714 1375 etiem
747 1300 822 1401 ipsi
854 1297 998 1373 domino
1028 1297 1233 1377 Arisbelrno
1265 1299 1399 1375 illecto
1435 1298 1483 1373 tic
1519 1298 1686 1376 omnibns
1721 1306 1760 1375 et

367 1400 524 1499 siugulis
574 1421 622 1475 ue
646 1398 724 1474 illis
752 1398 876 1476 debite
900 1410 1075 1500 usurpata
1100 1398 1207 1474 fuere
1244 1421 1312 1497 per
1345 1420 1413 1475 eos
1448 1414 1613 1495 congrus
1648 1401 1759 1473 satis-

366 1500 530 1575 factione
551 1424 731 1599 impenso
753 1498 799 1575 ub
833 1496 1043 1574 huiusmodi
1078 1501 1326 1599 occupacione
1360 1497 1579 1575 derencione
1615 1508 1653 1572 et
1685 1496 1760 1573 lm·

366 1596 761 1773 ttltttlbtttlt?
771 1597 1433 1774 tttebtllzittltl'tllt
1446 1596 1760 1794 glttllllilz

368 1797 576 1897 permittent
598 1819 672 1874 nec
696 1797 865 1895 cuiquem
890 1796 994 1870 elteri
1028 1797 1071 1869 ln
1107 1798 1300 1895 premissis
1325 1797 1389 1871 vel
1416 1817 1540 1871 eorum
1566 1795 1689 1895 aliquo
1714 1795 1759 1871 ln

371 1893 572 1977 eorundem
596 1892 794 1994 prciudieii
818 1904 857 1970 et
876 1897 1025 1994 jecture
1049 1894 1244 1980 fomentum
1264 1890 1435 1971 senilium
1452 1896 1644 1971 consilium
1669 1918 1759 1996 pre-

372 1998 479 2073 itenut
504 1994 776 2092 quomodolibet
799 1995 862 2069 vel
887 1994 1062 2071 ieuurem.
1105 1995 1202 2086 Quin
1227 1997 1337 2071 lrnmu
1364 1994 1466 2071 Infra
1491 1994 1627 2071 dictum
1653 1997 1759 2094 quiu-

371 2090 491 2177 dccim
517 2093 657 2169 dierum
682 2095 869 2169 terminum
901 2094 1046 2195 prefato
1080 2093 1225 2171 domino
1259 2092 1468 2172 Anslrelmo
1492 2092 1629 2171 Electo
1655 2095 1760 2172 eius·

372 2216 444 2292 que
470 2192 635 2269 Viceriis
660 2202 697 2270 et
721 2192 943 2269 officialibus
961 2218 1039 2269 scu
1063 2197 1210 2271 nunciis
1244 2190 1388 2271 debitus
1418 2190 1662 2269 obedientiam
1688 2214 1761 2269 seu

371 2295 625 2372 reuerencirrrn
651 2302 816 2393 prestent
848 2306 886 2369 et
917 2294 1072 2393 quilibet
1096 2317 1222 2370 eorum
1247 2302 1390 2392 prestet
1414 2295 1615 2393 Ipsumpue
1642 2289 1761 2371 domi·

303 2431 308 2448 ·
370 2416 456 2469 num
495 2390 734 2471 Anslrclmum
768 2406 943 2492 tamquam
984 2417 1113 2469 verum
1149 2404 1333 2495 pastorem
1376 2396 1573 2469 animarum
1611 2415 1762 2469 suorum

368 2504 642 2587 recognoscant
675 2504 713 2567 ct
749 2514 874 2567 eorum
908 2494 1062 2591 quilibet
1094 2505 1360 2593 recognoscet,
1401 2494 1462 2569 Ao
1497 2495 1572 2593 ipsi
1612 2492 1761 2568 donriuo

370 2589 576 2667 Anbbelrno
602 2589 738 2668 illecto
763 2592 867 2667 velut
902 2615 993 2669 vcro
1019 2593 1119 2672 dicte
1145 2593 1311 2669 ecclesie
1335 2592 1592 2691 Augusteusis
1617 2615 1761 2693 sponso

371 2688 421 2765 de
454 2692 511 2768 siu
540 2692 609 2767 ulis
644 2691 799 2769 duribus
831 2690 1037 2769 redditibus
1074 2704 1111 2769 el
1153 2694 1392 2795 promentibus
1421 2694 1545 2794 ipsius
1586 2693 1761 2769 ecclesio

368 2714 620 2888 responieam
644 2801 682 2865 et
706 2791 859 2888 quilibet
884 2812 1009 2865 corum
1028 2792 1256 2893 respondent
1282 2792 1432 2870 realiter
1458 2801 1497 2869 ct
1521 2814 1603 2867 cum
1624 2790 1763 2869 'effectu

369 2887 547 2985 Alioquin
572 2888 617 2963 ln
642 2911 768 2965 omnes
803 2898 841 2961 el
865 2889 1036 2986 singulos
1074 2892 1117 2965 lu
1151 2893 1342 2991 premissis
1378 2902 1440 2966 eut
1478 2909 1603 2971 eorum
1636 2890 1761 2990 ulique

370 2982 632 3085 delinquentes
657 3009 728 3063 seu
753 2985 1023 3086 delinquentem
1048 3001 1087 3067 et
1111 2989 1155 3065 ln
1182 2992 1372 3090 premissis
1398 2991 1693 3068 contradictores
1724 3002 1763 3067 et

370 3084 537 3163 rebelles
570 3110 616 3161 ac
647 3084 898 3189 Impedieutes
930 3088 1057 3191 Ipsum
1090 3084 1269 3166 dominum
1305 3089 1547 3168 Anshelmum
1588 3090 1764 3167 tlteumn

228 3218 232 3229 ·
371 3187 562 3283 quominus
588 3190 707 3261 omrrie
732 3196 769 3263 et
794 3174 941 3285 singulo
968 3191 1149 3289 premisse
1174 3212 1279 3268 snum
1304 3189 1465 3269 debiturn
1491 3202 1763 3289 consequentur

368 3286 538 3364 ellectum
559 3284 614 3361 Et
637 3289 833 3389 presertim
859 3284 1040 3363 dominum
1068 3284 1314 3367 Fredericurn
1337 3288 1565 3395 Episcopum
1592 3304 1630 3365 ct
1655 3302 1761 3367 celc-

368 3408 434 3459 ros
465 3387 667 3481 nominotqs
707 3387 868 3463 clericos
901 3396 939 3460 et
968 3387 1090 3463 laicos
1115 3386 1277 3468 Necnon
1311 3388 1561 3488 impedientes
1602 3388 1760 3467 eundem

370 3479 549 3559 dominum
574 3483 814 3561 Ansirelrnum
838 3484 1010 3562 Electum
1035 3489 1078 3563 In
1104 3491 1298 3589 premissis
1324 3485 1455 3565 dentes
1471 3490 1643 3567 auxilium
1668 3512 1763 3567 cou-

369 3584 492 3657 silium
524 3584 591 3661 vel
627 3584 793 3662 fauorem
825 3584 976 3685 publice
1014 3588 1076 3664 rel
1110 3588 1257 3665 occulte
1299 3582 1441 3664 directe
1474 3588 1539 3668 vel
1571 3585 1761 3665 indirecte

369 3684 500 3780 quouis
524 3684 669 3781 quesite
694 3684 851 3781 Ingenio
876 3686 939 3760 vel
965 3688 1094 3763 colore
1123 3710 1180 3781 cx
1212 3710 1309 3763 nunc
1333 3700 1443 3788 prout
1468 3700 1604 3765 extunc
1631 3699 1668 3765 ct
1694 3710 1761 3765 ex-

367 3793 456 3857 tuuc
478 3795 585 3898 prout
621 3804 769 3859 exnunc
805 3785 1043 3882 singulariter
1079 3787 1122 3861 In
1161 3786 1332 3885 singulos
1368 3790 1761 3867 excommunicacionis

368 3900 416 3955 ec
442 3892 554 3962 etiam
577 3880 838 3962 beneficiorum
869 3885 1209 3963 ecelesiasticorum
1245 3910 1326 3964 curn
1360 3912 1450 3965 curs
1483 3899 1520 3968 et
1551 3888 1636 3970 siue
1670 3909 1762 3965 curs

370 3980 513 4053 &enisi
539 3978 738 4077 dignitates
762 3997 984 4083 personatus
1008 3987 1073 4063 vel
1099 3985 1224 4062 cilicia
1247 3986 1384 4063 suerint
1405 4008 1548 4065 uccnou
1566 3986 1762 4066 feudorum

367 4085 477 4176 atque
503 4079 686 4159 mobilium
713 4095 751 4158 ot
774 4083 1009 4161 immobilium
1043 4108 1115 4185 que
1149 4110 1172 4161 e
1206 4086 1399 4185 quibusuis
1430 4086 1611 4165 ecclesiis
1635 4104 1762 4171 moub-

366 4178 498 4253 steriis
523 4192 561 4255 et
584 4179 671 4275 eliis
696 4180 793 4260 locis
819 4182 1092 4262 ecclesiasticis
1119 4186 1280 4261 obtinent
1313 4188 1537 4287 priusciouis
1570 4184 1760 4265 lusbilitu·
