<?xml version="1.0" encoding="UTF-8"?>
<!DOCTYPE html PUBLIC "-//W3C//DTD XHTML 1.0 Transitional//EN"
    "http://www.w3.org/TR/xhtml1/DTD/xhtml1-transitional.dtd">
<html xmlns="http://www.w3.org/1999/xhtml" xml:lang="en" lang="en">
 <head>
  <title>
</title>
<meta http-equiv="Content-Type" content="text/html;charset=utf-8" />
  <meta name='ocr-system' content='tesseract 3.04.00' />
  <meta name='ocr-capabilities' content='ocr_page ocr_carea ocr_par ocr_line ocrx_word'/>
</head>
<body>
  <div class='ocr_page' id='page_1' title='image "./monumentaboicae20landgoog_0723.png"; bbox 0 0 4209 5034; ppageno 0'>
   <div class='ocr_carea' id='block_1_1' title="bbox 420 501 1401 615">
    <p class='ocr_par' dir='ltr' id='par_1_1' title="bbox 420 501 1401 615">
     <span class='ocr_line' id='line_1_1' title="bbox 420 501 1295 600; baseline 0.011 -12"><span class='ocrx_word' id='word_1_1' title='bbox 420 501 526 592; x_wconf 42' lang='lat' dir='ltr'><strong>*roe</strong></span> <span class='ocrx_word' id='word_1_2' title='bbox 873 519 923 558; x_wconf 54' lang='grc' dir='ltr'><em>τ</em></span> <span class='ocrx_word' id='word_1_3' title='bbox 980 503 1254 600; x_wconf 64' lang='lat' dir='ltr'><strong>normes</strong></span> <span class='ocrx_word' id='word_1_4' title='bbox 1268 540 1295 558; x_wconf 70' lang='lat'><strong>=-</strong></span> 
     </span>
     <span class='ocr_line' id='line_1_2' title="bbox 424 553 1401 615; baseline -0.003 -26"><span class='ocrx_word' id='word_1_5' title='bbox 424 556 428 568; x_wconf 49' lang='lat'><strong><em>⁴</em></strong></span> <span class='ocrx_word' id='word_1_6' title='bbox 858 561 976 606; x_wconf 39' lang='grc' dir='ltr'><strong>..ὤν’,ιι</strong></span> <span class='ocrx_word' id='word_1_7' title='bbox 1010 603 1013 612; x_wconf 58' lang='grc' dir='ltr'>Ι</span> <span class='ocrx_word' id='word_1_8' title='bbox 1247 561 1321 615; x_wconf 68' lang='lat'>¹⁵!&#39;·¹</span> <span class='ocrx_word' id='word_1_9' title='bbox 1367 553 1401 594; x_wconf 38' lang='lat'><strong>*4¹</strong></span> 
     </span>
    </p>
   </div>
   <div class='ocr_carea' id='block_1_2' title="bbox 358 725 1884 1431">
    <p class='ocr_par' dir='ltr' id='par_1_2' title="bbox 358 725 1884 1431">
     <span class='ocr_line' id='line_1_3' title="bbox 410 725 1802 839; baseline -0.004 -27"><span class='ocrx_word' id='word_1_10' title='bbox 410 729 659 820; x_wconf 65' lang='lat' dir='ltr'><strong>Reuerendo·</strong></span> <span class='ocrx_word' id='word_1_11' title='bbox 673 738 781 832; x_wconf 79' lang='lat' dir='ltr'><strong>petre</strong></span> <span class='ocrx_word' id='word_1_12' title='bbox 813 734 1056 839; x_wconf 85' lang='lat' dir='ltr'><strong>etepiscopo</strong></span> <span class='ocrx_word' id='word_1_13' title='bbox 1072 748 1346 818; x_wconf 72' lang='lat' dir='ltr'><strong>nosuomn</strong></span> <span class='ocrx_word' id='word_1_14' title='bbox 1361 725 1802 830; x_wconf 40' lang='lat' dir='ltr'><strong>amantissimos-tu</strong></span> 
     </span>
     <span class='ocr_line' id='line_1_4' title="bbox 411 825 1801 936; baseline -0.006 -26"><span class='ocrx_word' id='word_1_15' title='bbox 411 833 529 913; x_wconf 61' lang='lat' dir='ltr'><strong>¹ulterv</strong></span> <span class='ocrx_word' id='word_1_16' title='bbox 543 825 687 914; x_wconf 78' lang='lat' dir='ltr'><strong>costudi</strong></span> <span class='ocrx_word' id='word_1_17' title='bbox 714 829 951 931; x_wconf 66' lang='lat' dir='ltr'><strong>adiungatua*</strong></span> <span class='ocrx_word' id='word_1_18' title='bbox 968 840 1030 936; x_wconf 90' lang='lat' dir='ltr'><strong>qui</strong></span> <span class='ocrx_word' id='word_1_19' title='bbox 1053 850 1127 914; x_wconf 76' lang='lat' dir='ltr'><strong>rna</strong></span> <span class='ocrx_word' id='word_1_20' title='bbox 1144 835 1378 936; x_wconf 78' lang='lat' dir='ltr'><strong>congregati,</strong></span> <span class='ocrx_word' id='word_1_21' title='bbox 1402 833 1528 932; x_wconf 64' lang='lat' dir='ltr'><strong>¹templi</strong></span> <span class='ocrx_word' id='word_1_22' title='bbox 1555 841 1738 914; x_wconf 77' lang='lat' dir='ltr'><strong>structure</strong></span> <span class='ocrx_word' id='word_1_23' title='bbox 1762 837 1801 902; x_wconf 90' lang='lat' dir='ltr'><strong>et</strong></span> 
     </span>
     <span class='ocr_line' id='line_1_5' title="bbox 421 931 1801 1037; baseline -0.005 -27"><span class='ocrx_word' id='word_1_24' title='bbox 421 932 548 1014; x_wconf 82' lang='lat' dir='ltr'><strong>officio</strong></span> <span class='ocrx_word' id='word_1_25' title='bbox 575 932 716 1034; x_wconf 83' lang='lat' dir='ltr'><strong>preslnt</strong></span> <span class='ocrx_word' id='word_1_26' title='bbox 740 933 817 1029; x_wconf 83' lang='lat' dir='ltr'><strong>qui·</strong></span> <span class='ocrx_word' id='word_1_27' title='bbox 833 945 950 1010; x_wconf 75' lang='lat' dir='ltr'><strong>tannen</strong></span> <span class='ocrx_word' id='word_1_28' title='bbox 982 937 1124 1036; x_wconf 80' lang='lat' dir='ltr'><strong>absque</strong></span> <span class='ocrx_word' id='word_1_29' title='bbox 1156 936 1332 1037; x_wconf 77' lang='lat' dir='ltr'><strong>episcopi·</strong></span> <span class='ocrx_word' id='word_1_30' title='bbox 1356 931 1580 1034; x_wconf 72' lang='lat' dir='ltr'><strong>capitulique</strong></span> <span class='ocrx_word' id='word_1_31' title='bbox 1613 949 1801 1004; x_wconf 76' lang='lat' dir='ltr'><strong>consensu</strong></span> 
     </span>
     <span class='ocr_line' id='line_1_6' title="bbox 411 1027 1884 1136; baseline -0.005 -28"><span class='ocrx_word' id='word_1_32' title='bbox 411 1029 513 1114; x_wconf 68' lang='lat' dir='ltr'><strong>mill</strong></span> <span class='ocrx_word' id='word_1_33' title='bbox 540 1029 637 1132; x_wconf 89' lang='lat' dir='ltr'><strong>quod</strong></span> <span class='ocrx_word' id='word_1_34' title='bbox 661 1040 837 1130; x_wconf 83' lang='lat' dir='ltr'><strong>sumptum</strong></span> <span class='ocrx_word' id='word_1_35' title='bbox 873 1031 1078 1114; x_wconf 85' lang='lat' dir='ltr'><strong>excederet</strong></span> <span class='ocrx_word' id='word_1_36' title='bbox 1102 1032 1306 1136; x_wconf 77' lang='lat' dir='ltr'><strong>quindecim</strong></span> <span class='ocrx_word' id='word_1_37' title='bbox 1329 1027 1798 1116; x_wconf 75' lang='lat' dir='ltr'><strong>florenorumlleneosinm</strong></span> <span class='ocrx_word' id='word_1_38' title='bbox 1879 1063 1884 1068; x_wconf 91' lang='lat'><strong>·</strong></span> 
     </span>
     <span class='ocr_line' id='line_1_7' title="bbox 420 1128 1797 1233; baseline -0.004 -25"><span class='ocrx_word' id='word_1_39' title='bbox 420 1131 611 1208; x_wconf 86' lang='lat' dir='ltr'><strong>conficiant</strong></span> <span class='ocrx_word' id='word_1_40' title='bbox 636 1129 679 1207; x_wconf 85' lang='lat' dir='ltr'><strong>Si</strong></span> <span class='ocrx_word' id='word_1_41' title='bbox 707 1139 833 1206; x_wconf 84' lang='lat' dir='ltr'><strong>custos</strong></span> <span class='ocrx_word' id='word_1_42' title='bbox 859 1129 944 1206; x_wconf 90' lang='lat' dir='ltr'><strong>hinc</strong></span> <span class='ocrx_word' id='word_1_43' title='bbox 977 1137 1108 1212; x_wconf 86' lang='lat' dir='ltr'><strong>abierit</strong></span> <span class='ocrx_word' id='word_1_44' title='bbox 1137 1136 1294 1233; x_wconf 79' lang='lat' dir='ltr'><strong>aliquem</strong></span> <span class='ocrx_word' id='word_1_45' title='bbox 1328 1136 1540 1214; x_wconf 85' lang='lat' dir='ltr'><strong>canonicum</strong></span> <span class='ocrx_word' id='word_1_46' title='bbox 1563 1128 1797 1226; x_wconf 74' lang='lat' dir='ltr'><strong>capitularem</strong></span> 
     </span>
     <span class='ocr_line' id='line_1_8' title="bbox 358 1220 1798 1329; baseline -0.004 -23"><span class='ocrx_word' id='word_1_47' title='bbox 358 1249 360 1254; x_wconf 88' lang='grc'><strong><em>·</em></strong></span> <span class='ocrx_word' id='word_1_48' title='bbox 420 1231 481 1306; x_wconf 90' lang='lat' dir='ltr'><strong>eni</strong></span> <span class='ocrx_word' id='word_1_49' title='bbox 506 1227 622 1306; x_wconf 90' lang='lat' dir='ltr'><strong>tradat</strong></span> <span class='ocrx_word' id='word_1_50' title='bbox 649 1227 778 1306; x_wconf 91' lang='lat' dir='ltr'><strong>claues</strong></span> <span class='ocrx_word' id='word_1_51' title='bbox 811 1229 854 1304; x_wconf 90' lang='lat' dir='ltr'><strong>In</strong></span> <span class='ocrx_word' id='word_1_52' title='bbox 886 1230 1007 1310; x_wconf 90' lang='lat' dir='ltr'><strong>locum</strong></span> <span class='ocrx_word' id='word_1_53' title='bbox 1040 1258 1145 1311; x_wconf 88' lang='lat' dir='ltr'><strong>snum</strong></span> <span class='ocrx_word' id='word_1_54' title='bbox 1170 1234 1332 1310; x_wconf 80' lang='lat' dir='ltr'><strong>sufficiet</strong></span> <span class='ocrx_word' id='word_1_55' title='bbox 1363 1232 1525 1329; x_wconf 85' lang='lat' dir='ltr'><strong>alioquin</strong></span> <span class='ocrx_word' id='word_1_56' title='bbox 1558 1229 1692 1327; x_wconf 84' lang='lat' dir='ltr'><strong>reliqui</strong></span> <span class='ocrx_word' id='word_1_57' title='bbox 1723 1220 1798 1300; x_wconf 88' lang='lat' dir='ltr'><strong>dno</strong></span> 
     </span>
     <span class='ocr_line' id='line_1_9' title="bbox 419 1326 1798 1431; baseline -0.004 -27"><span class='ocrx_word' id='word_1_58' title='bbox 419 1353 524 1405; x_wconf 87' lang='lat' dir='ltr'><strong>sunm</strong></span> <span class='ocrx_word' id='word_1_59' title='bbox 550 1341 728 1431; x_wconf 81' lang='lat' dir='ltr'><strong>peragent</strong></span> <span class='ocrx_word' id='word_1_60' title='bbox 752 1329 910 1406; x_wconf 80' lang='lat' dir='ltr'><strong>olficioun</strong></span> <span class='ocrx_word' id='word_1_61' title='bbox 946 1333 1037 1409; x_wconf 88' lang='lat' dir='ltr'><strong>ltom</strong></span> <span class='ocrx_word' id='word_1_62' title='bbox 1070 1345 1198 1410; x_wconf 89' lang='lat' dir='ltr'><strong>costos</strong></span> <span class='ocrx_word' id='word_1_63' title='bbox 1231 1358 1337 1408; x_wconf 85' lang='lat' dir='ltr'><strong>vnnm</strong></span> <span class='ocrx_word' id='word_1_64' title='bbox 1371 1331 1501 1429; x_wconf 83' lang='lat' dir='ltr'><strong>reliqui</strong></span> <span class='ocrx_word' id='word_1_65' title='bbox 1538 1328 1612 1402; x_wconf 90' lang='lat' dir='ltr'><strong>dno</strong></span> <span class='ocrx_word' id='word_1_66' title='bbox 1643 1326 1798 1401; x_wconf 82' lang='lat' dir='ltr'><strong>alterum</strong></span> 
     </span>
    </p>
   </div>
   <div class='ocr_carea' id='block_1_3' title="bbox 275 1423 1798 1528">
    <p class='ocr_par' dir='ltr' id='par_1_3' title="bbox 275 1423 1798 1528">
     <span class='ocr_line' id='line_1_10' title="bbox 275 1423 1798 1528; baseline -0.006 -23"><span class='ocrx_word' id='word_1_67' title='bbox 275 1483 277 1488; x_wconf 89' lang='lat'>-</span> <span class='ocrx_word' id='word_1_68' title='bbox 417 1429 615 1506; x_wconf 88' lang='lat' dir='ltr'><strong>ministrnm</strong></span> <span class='ocrx_word' id='word_1_69' title='bbox 650 1428 787 1528; x_wconf 81' lang='lat' dir='ltr'><strong>eligant</strong></span> <span class='ocrx_word' id='word_1_70' title='bbox 820 1431 881 1528; x_wconf 91' lang='lat' dir='ltr'><strong>qui</strong></span> <span class='ocrx_word' id='word_1_71' title='bbox 914 1431 962 1506; x_wconf 91' lang='lat' dir='ltr'><strong>ad</strong></span> <span class='ocrx_word' id='word_1_72' title='bbox 995 1431 1175 1508; x_wconf 86' lang='lat' dir='ltr'><strong>editicium</strong></span> <span class='ocrx_word' id='word_1_73' title='bbox 1199 1432 1443 1508; x_wconf 90' lang='lat' dir='ltr'><strong>mercenarios</strong></span> <span class='ocrx_word' id='word_1_74' title='bbox 1480 1426 1703 1516; x_wconf 83' lang='lat' dir='ltr'><strong>conducent,</strong></span> <span class='ocrx_word' id='word_1_75' title='bbox 1734 1423 1798 1522; x_wconf 88' lang='lat' dir='ltr'><strong>qni</strong></span> 
     </span>
    </p>
   </div>
   <div class='ocr_carea' id='block_1_4' title="bbox 307 1524 1859 4105">
    <p class='ocr_par' dir='ltr' id='par_1_4' title="bbox 307 1524 1859 4105">
     <span class='ocr_line' id='line_1_11' title="bbox 420 1524 1798 1632; baseline -0.003 -31"><span class='ocrx_word' id='word_1_76' title='bbox 420 1539 631 1620; x_wconf 77' lang='lat' dir='ltr'><strong>cementum,</strong></span> <span class='ocrx_word' id='word_1_77' title='bbox 657 1531 716 1626; x_wconf 90' lang='lat' dir='ltr'><strong>qni</strong></span> <span class='ocrx_word' id='word_1_78' title='bbox 743 1526 854 1627; x_wconf 82' lang='lat' dir='ltr'><strong>ligna,</strong></span> <span class='ocrx_word' id='word_1_79' title='bbox 879 1527 1024 1632; x_wconf 87' lang='lat' dir='ltr'><strong>lapides</strong></span> <span class='ocrx_word' id='word_1_80' title='bbox 1046 1542 1088 1608; x_wconf 87' lang='lat' dir='ltr'><strong>et</strong></span> <span class='ocrx_word' id='word_1_81' title='bbox 1111 1533 1185 1607; x_wconf 83' lang='lat' dir='ltr'><strong>alia</strong></span> <span class='ocrx_word' id='word_1_82' title='bbox 1202 1531 1419 1608; x_wconf 84' lang='lat' dir='ltr'><strong>necessario</strong></span> <span class='ocrx_word' id='word_1_83' title='bbox 1434 1537 1643 1628; x_wconf 80' lang='lat' dir='ltr'><strong>comparent</strong></span> <span class='ocrx_word' id='word_1_84' title='bbox 1661 1524 1798 1622; x_wconf 90' lang='lat' dir='ltr'><strong>qniqne</strong></span> 
     </span>
     <span class='ocr_line' id='line_1_12' title="bbox 418 1623 1799 1729; baseline -0.005 -27"><span class='ocrx_word' id='word_1_85' title='bbox 418 1629 513 1729; x_wconf 88' lang='lat' dir='ltr'><strong>ipsis</strong></span> <span class='ocrx_word' id='word_1_86' title='bbox 539 1629 682 1704; x_wconf 87' lang='lat' dir='ltr'><strong>cunctis</strong></span> <span class='ocrx_word' id='word_1_87' title='bbox 709 1624 757 1702; x_wconf 94' lang='lat' dir='ltr'><strong>de</strong></span> <span class='ocrx_word' id='word_1_88' title='bbox 784 1629 895 1703; x_wconf 88' lang='lat' dir='ltr'><strong>rebus</strong></span> <span class='ocrx_word' id='word_1_89' title='bbox 923 1625 1079 1706; x_wconf 88' lang='lat' dir='ltr'><strong>reddant</strong></span> <span class='ocrx_word' id='word_1_90' title='bbox 1114 1633 1285 1706; x_wconf 88' lang='lat' dir='ltr'><strong>rationem</strong></span> <span class='ocrx_word' id='word_1_91' title='bbox 1321 1623 1463 1728; x_wconf 90' lang='lat' dir='ltr'><strong>quando</strong></span> <span class='ocrx_word' id='word_1_92' title='bbox 1492 1623 1714 1702; x_wconf 85' lang='lat' dir='ltr'><strong>architector</strong></span> <span class='ocrx_word' id='word_1_93' title='bbox 1739 1632 1799 1696; x_wconf 89' lang='lat' dir='ltr'><strong>est</strong></span> 
     </span>
     <span class='ocr_line' id='line_1_13' title="bbox 420 1721 1799 1821; baseline -0.008 -17"><span class='ocrx_word' id='word_1_94' title='bbox 420 1723 685 1804; x_wconf 83' lang='lat' dir='ltr'><strong>conducendus</strong></span> <span class='ocrx_word' id='word_1_95' title='bbox 709 1727 793 1801; x_wconf 88' lang='lat' dir='ltr'><strong>sine</strong></span> <span class='ocrx_word' id='word_1_96' title='bbox 819 1726 1071 1821; x_wconf 87' lang='lat' dir='ltr'><strong>dimittendus,</strong></span> <span class='ocrx_word' id='word_1_97' title='bbox 1109 1730 1147 1804; x_wconf 91' lang='lat' dir='ltr'><strong>id</strong></span> <span class='ocrx_word' id='word_1_98' title='bbox 1174 1730 1333 1805; x_wconf 85' lang='lat' dir='ltr'><strong>exclusa</strong></span> <span class='ocrx_word' id='word_1_99' title='bbox 1355 1727 1530 1802; x_wconf 73' lang='lat' dir='ltr'><strong>facultate</strong></span> <span class='ocrx_word' id='word_1_100' title='bbox 1563 1721 1731 1800; x_wconf 88' lang='lat' dir='ltr'><strong>custodis</strong></span> <span class='ocrx_word' id='word_1_101' title='bbox 1757 1721 1799 1795; x_wconf 84' lang='lat' dir='ltr'><strong>in</strong></span> 
     </span>
     <span class='ocr_line' id='line_1_14' title="bbox 418 1819 1798 1929; baseline -0.006 -27"><span class='ocrx_word' id='word_1_102' title='bbox 418 1827 587 1929; x_wconf 79' lang='lat' dir='ltr'><strong>episcopi</strong></span> <span class='ocrx_word' id='word_1_103' title='bbox 606 1824 834 1924; x_wconf 84' lang='lat' dir='ltr'><strong>capitulique</strong></span> <span class='ocrx_word' id='word_1_104' title='bbox 861 1823 1069 1927; x_wconf 86' lang='lat' dir='ltr'><strong>dependeat</strong></span> <span class='ocrx_word' id='word_1_105' title='bbox 1093 1827 1239 1904; x_wconf 84' lang='lat' dir='ltr'><strong>arbitrio</strong></span> <span class='ocrx_word' id='word_1_106' title='bbox 1264 1827 1354 1902; x_wconf 89' lang='lat' dir='ltr'><strong>ltem</strong></span> <span class='ocrx_word' id='word_1_107' title='bbox 1372 1827 1475 1925; x_wconf 82' lang='lat' dir='ltr'><strong>ligna</strong></span> <span class='ocrx_word' id='word_1_108' title='bbox 1494 1845 1565 1925; x_wconf 90' lang='lat' dir='ltr'><strong>qne</strong></span> <span class='ocrx_word' id='word_1_109' title='bbox 1583 1825 1620 1897; x_wconf 89' lang='lat' dir='ltr'><strong>in</strong></span> <span class='ocrx_word' id='word_1_110' title='bbox 1637 1819 1798 1896; x_wconf 77' lang='lat' dir='ltr'><strong>Edilicio</strong></span> 
     </span>
     <span class='ocr_line' id='line_1_15' title="bbox 416 1920 1797 2027; baseline -0.004 -27"><span class='ocrx_word' id='word_1_111' title='bbox 416 1927 604 2025; x_wconf 77' lang='lat' dir='ltr'><strong>supersint</strong></span> <span class='ocrx_word' id='word_1_112' title='bbox 627 1926 711 1998; x_wconf 89' lang='lat' dir='ltr'><strong>siue</strong></span> <span class='ocrx_word' id='word_1_113' title='bbox 736 1925 809 1997; x_wconf 87' lang='lat' dir='ltr'><strong>sint</strong></span> <span class='ocrx_word' id='word_1_114' title='bbox 833 1949 962 2027; x_wconf 81' lang='lat' dir='ltr'><strong>magno</strong></span> <span class='ocrx_word' id='word_1_115' title='bbox 985 1929 1070 2002; x_wconf 88' lang='lat' dir='ltr'><strong>sine</strong></span> <span class='ocrx_word' id='word_1_116' title='bbox 1095 1951 1211 2026; x_wconf 88' lang='lat' dir='ltr'><strong>parua</strong></span> <span class='ocrx_word' id='word_1_117' title='bbox 1234 1929 1318 2002; x_wconf 89' lang='lat' dir='ltr'><strong>sine</strong></span> <span class='ocrx_word' id='word_1_118' title='bbox 1344 1937 1499 2015; x_wconf 80' lang='lat' dir='ltr'><strong>uetusta,</strong></span> <span class='ocrx_word' id='word_1_119' title='bbox 1524 1925 1608 1997; x_wconf 88' lang='lat' dir='ltr'><strong>sine</strong></span> <span class='ocrx_word' id='word_1_120' title='bbox 1632 1920 1797 1996; x_wconf 84' lang='lat' dir='ltr'><strong>recentia</strong></span> 
     </span>
     <span class='ocr_line' id='line_1_16' title="bbox 415 2015 1797 2123; baseline -0.003 -27"><span class='ocrx_word' id='word_1_121' title='bbox 415 2035 504 2123; x_wconf 84' lang='lat' dir='ltr'><strong>epnt</strong></span> <span class='ocrx_word' id='word_1_122' title='bbox 537 2022 736 2098; x_wconf 84' lang='lat' dir='ltr'><strong>ecclesiam</strong></span> <span class='ocrx_word' id='word_1_123' title='bbox 760 2036 925 2116; x_wconf 81' lang='lat' dir='ltr'><strong>maneant</strong></span> <span class='ocrx_word' id='word_1_124' title='bbox 956 2023 1009 2100; x_wconf 74' lang='lat' dir='ltr'><strong>vt</strong></span> <span class='ocrx_word' id='word_1_125' title='bbox 1040 2038 1156 2116; x_wconf 79' lang='lat' dir='ltr'><strong>antea</strong></span> <span class='ocrx_word' id='word_1_126' title='bbox 1181 2037 1397 2111; x_wconf 84' lang='lat' dir='ltr'><strong>conuentum</strong></span> <span class='ocrx_word' id='word_1_127' title='bbox 1432 2036 1491 2099; x_wconf 86' lang='lat' dir='ltr'><strong>est</strong></span> <span class='ocrx_word' id='word_1_128' title='bbox 1524 2044 1604 2098; x_wconf 88' lang='lat' dir='ltr'><strong>corn</strong></span> <span class='ocrx_word' id='word_1_129' title='bbox 1637 2015 1797 2096; x_wconf 87' lang='lat' dir='ltr'><strong>custode</strong></span> 
     </span>
     <span class='ocr_line' id='line_1_17' title="bbox 468 2113 1795 2224; baseline -0.004 -27"><span class='ocrx_word' id='word_1_130' title='bbox 468 2119 586 2199; x_wconf 90' lang='lat' dir='ltr'><strong>erlich</strong></span> <span class='ocrx_word' id='word_1_131' title='bbox 612 2120 660 2197; x_wconf 93' lang='lat' dir='ltr'><strong>de</strong></span> <span class='ocrx_word' id='word_1_132' title='bbox 687 2123 841 2221; x_wconf 88' lang='lat' dir='ltr'><strong>pecnnia</strong></span> <span class='ocrx_word' id='word_1_133' title='bbox 875 2147 946 2222; x_wconf 88' lang='lat' dir='ltr'><strong>que</strong></span> <span class='ocrx_word' id='word_1_134' title='bbox 981 2131 1031 2200; x_wconf 80' lang='lat' dir='ltr'><strong>er&#39;r‘</strong></span> <span class='ocrx_word' id='word_1_135' title='bbox 1056 2127 1182 2222; x_wconf 81' lang='lat' dir='ltr'><strong>sigillo</strong></span> <span class='ocrx_word' id='word_1_136' title='bbox 1218 2124 1369 2224; x_wconf 85' lang='lat' dir='ltr'><strong>capitoli</strong></span> <span class='ocrx_word' id='word_1_137' title='bbox 1402 2113 1578 2213; x_wconf 85' lang='lat' dir='ltr'><strong>debetur,</strong></span> <span class='ocrx_word' id='word_1_138' title='bbox 1609 2120 1667 2194; x_wconf 85' lang='lat' dir='ltr'><strong>lta</strong></span> <span class='ocrx_word' id='word_1_139' title='bbox 1698 2139 1795 2193; x_wconf 93' lang='lat' dir='ltr'><strong>nnnc</strong></span> 
     </span>
     <span class='ocr_line' id='line_1_18' title="bbox 443 2217 1794 2325; baseline -0.006 -27"><span class='ocrx_word' id='word_1_140' title='bbox 443 2231 523 2298; x_wconf 92' lang='lat' dir='ltr'><strong>etur</strong></span> <span class='ocrx_word' id='word_1_141' title='bbox 547 2222 638 2298; x_wconf 89' lang='lat' dir='ltr'><strong>Item</strong></span> <span class='ocrx_word' id='word_1_142' title='bbox 664 2221 806 2316; x_wconf 83' lang='lat' dir='ltr'><strong>Pingue</strong></span> <span class='ocrx_word' id='word_1_143' title='bbox 832 2223 930 2312; x_wconf 88' lang='lat' dir='ltr'><strong>qnod</strong></span> <span class='ocrx_word' id='word_1_144' title='bbox 965 2245 1015 2298; x_wconf 89' lang='lat' dir='ltr'><strong>ex</strong></span> <span class='ocrx_word' id='word_1_145' title='bbox 1046 2224 1160 2325; x_wconf 87' lang='lat' dir='ltr'><strong>adipe</strong></span> <span class='ocrx_word' id='word_1_146' title='bbox 1197 2223 1400 2299; x_wconf 87' lang='lat' dir='ltr'><strong>animalium</strong></span> <span class='ocrx_word' id='word_1_147' title='bbox 1432 2233 1675 2296; x_wconf 84' lang='lat' dir='ltr'><strong>conseruntur</strong></span> <span class='ocrx_word' id='word_1_148' title='bbox 1698 2217 1794 2294; x_wconf 84' lang='lat' dir='ltr'><strong>alias</strong></span> 
     </span>
     <span class='ocr_line' id='line_1_19' title="bbox 307 2319 1796 2420; baseline -0.005 -22"><span class='ocrx_word' id='word_1_149' title='bbox 307 2371 311 2380; x_wconf 66' lang='grc'><strong><em>«</em></strong></span> <span class='ocrx_word' id='word_1_150' title='bbox 415 2343 545 2420; x_wconf 85' lang='lat' dir='ltr'><strong>sepum</strong></span> <span class='ocrx_word' id='word_1_151' title='bbox 570 2321 640 2398; x_wconf 89' lang='lat' dir='ltr'><strong>erit</strong></span> <span class='ocrx_word' id='word_1_152' title='bbox 664 2319 831 2396; x_wconf 81' lang='lat' dir='ltr'><strong>custodis¹</strong></span> <span class='ocrx_word' id='word_1_153' title='bbox 864 2325 978 2398; x_wconf 89' lang='lat' dir='ltr'><strong>omnis</strong></span> <span class='ocrx_word' id='word_1_154' title='bbox 1011 2346 1100 2401; x_wconf 87' lang='lat' dir='ltr'><strong>cera</strong></span> <span class='ocrx_word' id='word_1_155' title='bbox 1131 2319 1291 2400; x_wconf 84' lang='lat' dir='ltr'><strong>candele</strong></span> <span class='ocrx_word' id='word_1_156' title='bbox 1323 2333 1530 2398; x_wconf 84' lang='lat' dir='ltr'><strong>ornamenta</strong></span> <span class='ocrx_word' id='word_1_157' title='bbox 1562 2321 1645 2394; x_wconf 86' lang='lat' dir='ltr'><strong>sine</strong></span> <span class='ocrx_word' id='word_1_158' title='bbox 1681 2337 1796 2392; x_wconf 87' lang='lat' dir='ltr'><strong>cerea</strong></span> 
     </span>
     <span class='ocr_line' id='line_1_20' title="bbox 412 2419 1795 2522; baseline -0.004 -26"><span class='ocrx_word' id='word_1_159' title='bbox 412 2420 496 2496; x_wconf 87' lang='lat' dir='ltr'><strong>siue</strong></span> <span class='ocrx_word' id='word_1_160' title='bbox 536 2431 726 2518; x_wconf 83' lang='lat' dir='ltr'><strong>argentea.</strong></span> <span class='ocrx_word' id='word_1_161' title='bbox 746 2421 828 2496; x_wconf 88' lang='lat' dir='ltr'><strong>siue</strong></span> <span class='ocrx_word' id='word_1_162' title='bbox 860 2445 975 2498; x_wconf 84' lang='lat' dir='ltr'><strong>aurea</strong></span> <span class='ocrx_word' id='word_1_163' title='bbox 1007 2426 1260 2522; x_wconf 80' lang='lat' dir='ltr'><strong>cuiuscunque</strong></span> <span class='ocrx_word' id='word_1_164' title='bbox 1295 2424 1369 2498; x_wconf 86' lang='lat' dir='ltr'><strong>sint</strong></span> <span class='ocrx_word' id='word_1_165' title='bbox 1399 2419 1559 2509; x_wconf 86' lang='lat' dir='ltr'><strong>metalli,</strong></span> <span class='ocrx_word' id='word_1_166' title='bbox 1595 2428 1724 2494; x_wconf 86' lang='lat' dir='ltr'><strong>restes</strong></span> <span class='ocrx_word' id='word_1_167' title='bbox 1756 2425 1795 2490; x_wconf 88' lang='lat' dir='ltr'><strong>et</strong></span> 
     </span>
     <span class='ocr_line' id='line_1_21' title="bbox 388 2514 1793 2692; baseline -0.002 -98"><span class='ocrx_word' id='word_1_168' title='bbox 388 2519 586 2692; x_wconf 79' lang='lat' dir='ltr'><strong>-qni&#39;cqnid</strong></span> <span class='ocrx_word' id='word_1_169' title='bbox 612 2521 729 2595; x_wconf 87' lang='lat' dir='ltr'><strong>eciam</strong></span> <span class='ocrx_word' id='word_1_170' title='bbox 753 2520 788 2594; x_wconf 91' lang='lat' dir='ltr'><strong>si</strong></span> <span class='ocrx_word' id='word_1_171' title='bbox 809 2524 969 2619; x_wconf 79' lang='lat' dir='ltr'><strong>pecnnia</strong></span> <span class='ocrx_word' id='word_1_172' title='bbox 993 2525 1063 2612; x_wconf 90' lang='lat' dir='ltr'><strong>sit,</strong></span> <span class='ocrx_word' id='word_1_173' title='bbox 1101 2523 1198 2622; x_wconf 88' lang='lat' dir='ltr'><strong>qnod</strong></span> <span class='ocrx_word' id='word_1_174' title='bbox 1234 2533 1310 2604; x_wconf 76' lang='lat' dir='ltr'><strong>aut,</strong></span> <span class='ocrx_word' id='word_1_175' title='bbox 1331 2521 1499 2597; x_wconf 81' lang='lat' dir='ltr'><strong>dornutnrn</strong></span> <span class='ocrx_word' id='word_1_176' title='bbox 1531 2527 1592 2592; x_wconf 89' lang='lat' dir='ltr'><strong>ant</strong></span> <span class='ocrx_word' id='word_1_177' title='bbox 1626 2514 1793 2591; x_wconf 74' lang='lat' dir='ltr'><strong>relictum</strong></span> 
     </span>
     <span class='ocr_line' id='line_1_22' title="bbox 407 2611 1794 2716; baseline -0.004 -23"><span class='ocrx_word' id='word_1_178' title='bbox 407 2621 524 2695; x_wconf 78' lang='lat' dir='ltr'><strong>¹inerit</strong></span> <span class='ocrx_word' id='word_1_179' title='bbox 548 2619 683 2716; x_wconf 84' lang='lat' dir='ltr'><strong>templo</strong></span> <span class='ocrx_word' id='word_1_180' title='bbox 708 2619 791 2693; x_wconf 90' lang='lat' dir='ltr'><strong>sine</strong></span> <span class='ocrx_word' id='word_1_181' title='bbox 816 2621 959 2696; x_wconf 90' lang='lat' dir='ltr'><strong>sacello</strong></span> <span class='ocrx_word' id='word_1_182' title='bbox 986 2624 1133 2697; x_wconf 86' lang='lat' dir='ltr'><strong>attinent</strong></span> <span class='ocrx_word' id='word_1_183' title='bbox 1158 2616 1207 2698; x_wconf 87' lang='lat' dir='ltr'><strong>ad</strong></span> <span class='ocrx_word' id='word_1_184' title='bbox 1231 2621 1429 2697; x_wconf 86' lang='lat' dir='ltr'><strong>ecclesiam</strong></span> <span class='ocrx_word' id='word_1_185' title='bbox 1454 2621 1544 2694; x_wconf 80' lang='lat' dir='ltr'><strong>ltenn</strong></span> <span class='ocrx_word' id='word_1_186' title='bbox 1565 2611 1614 2691; x_wconf 83' lang='lat' dir='ltr'><strong>ad</strong></span> <span class='ocrx_word' id='word_1_187' title='bbox 1629 2611 1794 2716; x_wconf 83' lang='lat' dir='ltr'><strong>Capsam</strong></span> 
     </span>
     <span class='ocr_line' id='line_1_23' title="bbox 410 2714 1793 2820; baseline -0.005 -27"><span class='ocrx_word' id='word_1_188' title='bbox 410 2717 455 2794; x_wconf 91' lang='lat' dir='ltr'><strong>In</strong></span> <span class='ocrx_word' id='word_1_189' title='bbox 482 2728 554 2817; x_wconf 88' lang='lat' dir='ltr'><strong>qno&#39;</strong></span> <span class='ocrx_word' id='word_1_190' title='bbox 576 2719 705 2792; x_wconf 89' lang='lat' dir='ltr'><strong>nummi</strong></span> <span class='ocrx_word' id='word_1_191' title='bbox 730 2719 791 2814; x_wconf 90' lang='lat' dir='ltr'><strong>qni</strong></span> <span class='ocrx_word' id='word_1_192' title='bbox 818 2720 1038 2816; x_wconf 81' lang='lat' dir='ltr'><strong>colliguntur</strong></span> <span class='ocrx_word' id='word_1_193' title='bbox 1061 2723 1098 2795; x_wconf 94' lang='lat' dir='ltr'><strong>in</strong></span> <span class='ocrx_word' id='word_1_194' title='bbox 1123 2721 1258 2820; x_wconf 86' lang='lat' dir='ltr'><strong>templo</strong></span> <span class='ocrx_word' id='word_1_195' title='bbox 1291 2719 1352 2795; x_wconf 88' lang='lat' dir='ltr'><strong>dei</strong></span> <span class='ocrx_word' id='word_1_196' title='bbox 1384 2730 1468 2797; x_wconf 86' lang='lat' dir='ltr'><strong>sunt</strong></span> <span class='ocrx_word' id='word_1_197' title='bbox 1493 2714 1631 2792; x_wconf 82' lang='lat' dir='ltr'><strong>reclusi</strong></span> <span class='ocrx_word' id='word_1_198' title='bbox 1658 2717 1694 2788; x_wconf 94' lang='lat' dir='ltr'><strong>in</strong></span> <span class='ocrx_word' id='word_1_199' title='bbox 1721 2735 1793 2812; x_wconf 77' lang='lat' dir='ltr'><strong>qna</strong></span> 
     </span>
     <span class='ocr_line' id='line_1_24' title="bbox 410 2812 1791 2919; baseline -0.004 -27"><span class='ocrx_word' id='word_1_200' title='bbox 410 2815 461 2892; x_wconf 83' lang='lat' dir='ltr'><strong>ad</strong></span> <span class='ocrx_word' id='word_1_201' title='bbox 486 2818 649 2914; x_wconf 85' lang='lat' dir='ltr'><strong>reliquas</strong></span> <span class='ocrx_word' id='word_1_202' title='bbox 674 2837 809 2913; x_wconf 80' lang='lat' dir='ltr'><strong>capsas</strong></span> <span class='ocrx_word' id='word_1_203' title='bbox 835 2815 963 2892; x_wconf 86' lang='lat' dir='ltr'><strong>claues</strong></span> <span class='ocrx_word' id='word_1_204' title='bbox 990 2834 1273 2907; x_wconf 79' lang='lat' dir='ltr'><strong>conseruerunt,</strong></span> <span class='ocrx_word' id='word_1_205' title='bbox 1308 2819 1521 2919; x_wconf 76' lang='lat' dir='ltr'><strong>Episcopus</strong></span> <span class='ocrx_word' id='word_1_206' title='bbox 1555 2836 1666 2888; x_wconf 79' lang='lat' dir='ltr'><strong>ruram-</strong></span> <span class='ocrx_word' id='word_1_207' title='bbox 1687 2812 1791 2912; x_wconf 84' lang='lat' dir='ltr'><strong>capi·</strong></span> 
     </span>
     <span class='ocr_line' id='line_1_25' title="bbox 410 2911 1818 3014; baseline 0 -26"><span class='ocrx_word' id='word_1_208' title='bbox 410 2915 523 2989; x_wconf 86' lang='lat' dir='ltr'><strong>tulum</strong></span> <span class='ocrx_word' id='word_1_209' title='bbox 549 2914 673 3002; x_wconf 64' lang='lat' dir='ltr'><strong>aliam,</strong></span> <span class='ocrx_word' id='word_1_210' title='bbox 694 2924 821 2992; x_wconf 85' lang='lat' dir='ltr'><strong>costos</strong></span> <span class='ocrx_word' id='word_1_211' title='bbox 846 2937 937 2994; x_wconf 88' lang='lat' dir='ltr'><strong>uero</strong></span> <span class='ocrx_word' id='word_1_212' title='bbox 963 2918 998 2992; x_wconf 85' lang='lat' dir='ltr'><strong>si</strong></span> <span class='ocrx_word' id='word_1_213' title='bbox 1021 2914 1237 2998; x_wconf 72' lang='lat' dir='ltr'><strong>Cononicns</strong></span> <span class='ocrx_word' id='word_1_214' title='bbox 1260 2917 1373 2994; x_wconf 83' lang='lat' dir='ltr'><strong>luerit</strong></span> <span class='ocrx_word' id='word_1_215' title='bbox 1398 2929 1442 2994; x_wconf 90' lang='lat' dir='ltr'><strong>et.</strong></span> <span class='ocrx_word' id='word_1_216' title='bbox 1461 2915 1672 3014; x_wconf 85' lang='lat' dir='ltr'><strong>capitularis</strong></span> <span class='ocrx_word' id='word_1_217' title='bbox 1695 2911 1789 2988; x_wconf 80' lang='lat' dir='ltr'><strong>duas</strong></span> <span class='ocrx_word' id='word_1_218' title='bbox 1815 2993 1818 2996; x_wconf 60' lang='grc'>,</span> 
     </span>
     <span class='ocr_line' id='line_1_26' title="bbox 409 3009 1859 3114; baseline 0 -28"><span class='ocrx_word' id='word_1_219' title='bbox 409 3009 545 3087; x_wconf 77' lang='lat' dir='ltr'><strong>habeat</strong></span> <span class='ocrx_word' id='word_1_220' title='bbox 570 3009 701 3086; x_wconf 85' lang='lat' dir='ltr'><strong>claues</strong></span> <span class='ocrx_word' id='word_1_221' title='bbox 727 3034 819 3110; x_wconf 87' lang='lat' dir='ltr'><strong>quas</strong></span> <span class='ocrx_word' id='word_1_222' title='bbox 844 3014 879 3084; x_wconf 86' lang='lat' dir='ltr'><strong>si</strong></span> <span class='ocrx_word' id='word_1_223' title='bbox 902 3011 1123 3091; x_wconf 79' lang='lat' dir='ltr'><strong>discesserit</strong></span> <span class='ocrx_word' id='word_1_224' title='bbox 1141 3016 1219 3100; x_wconf 73' lang='lat' dir='ltr'><strong>‘alio</strong></span> <span class='ocrx_word' id='word_1_225' title='bbox 1243 3019 1420 3094; x_wconf 82' lang='lat' dir='ltr'><strong>carronico</strong></span> <span class='ocrx_word' id='word_1_226' title='bbox 1435 3015 1623 3114; x_wconf 84' lang='lat' dir='ltr'><strong>¹relinqunt</strong></span> <span class='ocrx_word' id='word_1_227' title='bbox 1647 3013 1789 3113; x_wconf 85' lang='lat' dir='ltr'><strong>capito·</strong></span> <span class='ocrx_word' id='word_1_228' title='bbox 1853 3059 1859 3064; x_wconf 94' lang='lat'><em>-</em></span> 
     </span>
     <span class='ocr_line' id='line_1_27' title="bbox 408 3107 1790 3216; baseline -0.001 -31"><span class='ocrx_word' id='word_1_229' title='bbox 408 3109 480 3186; x_wconf 77' lang='lat' dir='ltr'><strong>luri</strong></span> <span class='ocrx_word' id='word_1_230' title='bbox 503 3107 549 3190; x_wconf 76' lang='lat' dir='ltr'><strong>Si</strong></span> <span class='ocrx_word' id='word_1_231' title='bbox 574 3121 701 3186; x_wconf 84' lang='lat' dir='ltr'><strong>costos</strong></span> <span class='ocrx_word' id='word_1_232' title='bbox 728 3109 926 3189; x_wconf 88' lang='lat' dir='ltr'><strong>canonicos</strong></span> <span class='ocrx_word' id='word_1_233' title='bbox 953 3123 990 3192; x_wconf 86' lang='lat' dir='ltr'><strong>ot</strong></span> <span class='ocrx_word' id='word_1_234' title='bbox 1010 3115 1230 3216; x_wconf 70' lang='lat' dir='ltr'><strong>,capitularis</strong></span> <span class='ocrx_word' id='word_1_235' title='bbox 1251 3141 1322 3193; x_wconf 89' lang='lat' dir='ltr'><strong>non</strong></span> <span class='ocrx_word' id='word_1_236' title='bbox 1340 3117 1460 3204; x_wconf 81' lang='lat' dir='ltr'><strong>inerit,</strong></span> <span class='ocrx_word' id='word_1_237' title='bbox 1484 3111 1678 3193; x_wconf 76' lang='lat' dir='ltr'><strong>acciones</strong></span> <span class='ocrx_word' id='word_1_238' title='bbox 1701 3119 1790 3213; x_wconf 81' lang='lat' dir='ltr'><strong>aput</strong></span> 
     </span>
     <span class='ocr_line' id='line_1_28' title="bbox 407 3207 1790 3317; baseline -0.001 -31"><span class='ocrx_word' id='word_1_239' title='bbox 407 3210 606 3312; x_wconf 79' lang='lat' dir='ltr'><strong>capitulum</strong></span> <span class='ocrx_word' id='word_1_240' title='bbox 646 3213 716 3287; x_wconf 86' lang='lat' dir='ltr'><strong>sint</strong></span> <span class='ocrx_word' id='word_1_241' title='bbox 758 3207 822 3284; x_wconf 91' lang='lat' dir='ltr'><strong>uel</strong></span> <span class='ocrx_word' id='word_1_242' title='bbox 861 3219 948 3311; x_wconf 87' lang='lat' dir='ltr'><strong>aput</strong></span> <span class='ocrx_word' id='word_1_243' title='bbox 985 3235 1067 3290; x_wconf 86' lang='lat' dir='ltr'><strong>enon</strong></span> <span class='ocrx_word' id='word_1_244' title='bbox 1109 3217 1170 3290; x_wconf 86' lang='lat' dir='ltr'><strong>oni</strong></span> <span class='ocrx_word' id='word_1_245' title='bbox 1204 3242 1227 3290; x_wconf 91' lang='lat' dir='ltr'><strong>a</strong></span> <span class='ocrx_word' id='word_1_246' title='bbox 1260 3216 1424 3317; x_wconf 83' lang='lat' dir='ltr'><strong>capitulo</strong></span> <span class='ocrx_word' id='word_1_247' title='bbox 1445 3216 1651 3298; x_wconf 82' lang='lat' dir='ltr'><strong>,commisso</strong></span> <span class='ocrx_word' id='word_1_248' title='bbox 1684 3218 1790 3287; x_wconf 90' lang='lat' dir='ltr'><strong>erunt</strong></span> 
     </span>
     <span class='ocr_line' id='line_1_29' title="bbox 410 3305 1789 3409; baseline -0.001 -23"><span class='ocrx_word' id='word_1_249' title='bbox 410 3305 552 3386; x_wconf 78' lang='lat' dir='ltr'><strong>Custos</strong></span> <span class='ocrx_word' id='word_1_250' title='bbox 577 3305 728 3386; x_wconf 75' lang='lat' dir='ltr'><strong>dimittat</strong></span> <span class='ocrx_word' id='word_1_251' title='bbox 754 3317 790 3382; x_wconf 90' lang='lat' dir='ltr'><strong>et</strong></span> <span class='ocrx_word' id='word_1_252' title='bbox 816 3305 997 3389; x_wconf 82' lang='lat' dir='ltr'><strong>conducat</strong></span> <span class='ocrx_word' id='word_1_253' title='bbox 1023 3313 1120 3394; x_wconf 88' lang='lat' dir='ltr'><strong>dnos</strong></span> <span class='ocrx_word' id='word_1_254' title='bbox 1144 3313 1290 3393; x_wconf 87' lang='lat' dir='ltr'><strong>edituos</strong></span> <span class='ocrx_word' id='word_1_255' title='bbox 1315 3339 1396 3392; x_wconf 89' lang='lat' dir='ltr'><strong>com</strong></span> <span class='ocrx_word' id='word_1_256' title='bbox 1421 3317 1629 3402; x_wconf 45' lang='lat' dir='ltr'><strong>ministrisy</strong></span> <span class='ocrx_word' id='word_1_257' title='bbox 1647 3312 1710 3409; x_wconf 88' lang='lat' dir='ltr'><strong>qni</strong></span> <span class='ocrx_word' id='word_1_258' title='bbox 1733 3321 1789 3385; x_wconf 87' lang='lat' dir='ltr'><strong>tn-</strong></span> 
     </span>
     <span class='ocr_line' id='line_1_30' title="bbox 407 3405 1789 3505; baseline -0.001 -21"><span class='ocrx_word' id='word_1_259' title='bbox 407 3430 490 3484; x_wconf 88' lang='lat' dir='ltr'><strong>men</strong></span> <span class='ocrx_word' id='word_1_260' title='bbox 515 3405 722 3486; x_wconf 86' lang='lat' dir='ltr'><strong>mercedem</strong></span> <span class='ocrx_word' id='word_1_261' title='bbox 748 3405 924 3486; x_wconf 84' lang='lat' dir='ltr'><strong>videlicet</strong></span> <span class='ocrx_word' id='word_1_262' title='bbox 955 3426 1040 3488; x_wconf 90' lang='lat' dir='ltr'><strong>octo</strong></span> <span class='ocrx_word' id='word_1_263' title='bbox 1072 3415 1210 3489; x_wconf 85' lang='lat' dir='ltr'><strong>scallas</strong></span> <span class='ocrx_word' id='word_1_264' title='bbox 1243 3415 1431 3505; x_wconf 86' lang='lat' dir='ltr'><strong>frumenti,</strong></span> <span class='ocrx_word' id='word_1_265' title='bbox 1465 3413 1595 3490; x_wconf 87' lang='lat' dir='ltr'><strong>decem</strong></span> <span class='ocrx_word' id='word_1_266' title='bbox 1627 3410 1789 3485; x_wconf 86' lang='lat' dir='ltr'><strong>florenos</strong></span> 
     </span>
     <span class='ocr_line' id='line_1_31' title="bbox 407 3504 1788 3615; baseline -0.001 -31"><span class='ocrx_word' id='word_1_267' title='bbox 407 3505 607 3589; x_wconf 80' lang='lat' dir='ltr'><strong>Renenses</strong></span> <span class='ocrx_word' id='word_1_268' title='bbox 632 3508 678 3582; x_wconf 89' lang='lat' dir='ltr'><strong>ab</strong></span> <span class='ocrx_word' id='word_1_269' title='bbox 705 3504 870 3588; x_wconf 85' lang='lat' dir='ltr'><strong>ecclesia</strong></span> <span class='ocrx_word' id='word_1_270' title='bbox 896 3535 965 3590; x_wconf 90' lang='lat' dir='ltr'><strong>nnn</strong></span> <span class='ocrx_word' id='word_1_271' title='bbox 997 3537 1021 3588; x_wconf 87' lang='lat' dir='ltr'><strong>a</strong></span> <span class='ocrx_word' id='word_1_272' title='bbox 1048 3513 1212 3591; x_wconf 87' lang='lat' dir='ltr'><strong>custode</strong></span> <span class='ocrx_word' id='word_1_273' title='bbox 1237 3516 1417 3615; x_wconf 84' lang='lat' dir='ltr'><strong>recipiant</strong></span> <span class='ocrx_word' id='word_1_274' title='bbox 1441 3513 1593 3588; x_wconf 84' lang='lat' dir='ltr'><strong>Domum</strong></span> <span class='ocrx_word' id='word_1_275' title='bbox 1618 3507 1788 3586; x_wconf 84' lang='lat' dir='ltr'><strong>custodis</strong></span> 
     </span>
     <span class='ocr_line' id='line_1_32' title="bbox 409 3604 1789 3712; baseline 0.002 -32"><span class='ocrx_word' id='word_1_276' title='bbox 409 3619 536 3686; x_wconf 85' lang='lat' dir='ltr'><strong>custos</strong></span> <span class='ocrx_word' id='word_1_277' title='bbox 571 3605 736 3696; x_wconf 83' lang='lat' dir='ltr'><strong>edificet,</strong></span> <span class='ocrx_word' id='word_1_278' title='bbox 772 3604 868 3706; x_wconf 87' lang='lat' dir='ltr'><strong>lpse·</strong></span> <span class='ocrx_word' id='word_1_279' title='bbox 901 3611 1013 3692; x_wconf 83' lang='lat' dir='ltr'><strong>eciam</strong></span> <span class='ocrx_word' id='word_1_280' title='bbox 1053 3611 1199 3712; x_wconf 76' lang='lat' dir='ltr'><strong>solitum</strong></span> <span class='ocrx_word' id='word_1_281' title='bbox 1231 3633 1382 3692; x_wconf 75' lang='lat' dir='ltr'><strong>cerasum</strong></span> <span class='ocrx_word' id='word_1_282' title='bbox 1415 3613 1529 3690; x_wconf 84' lang='lat' dir='ltr'><strong>oilitlo</strong></span> <span class='ocrx_word' id='word_1_283' title='bbox 1562 3611 1789 3708; x_wconf 79' lang='lat' dir='ltr'><strong>oblagiornnr</strong></span> 
     </span>
     <span class='ocr_line' id='line_1_33' title="bbox 405 3700 1788 3813; baseline 0 -31"><span class='ocrx_word' id='word_1_284' title='bbox 405 3703 555 3804; x_wconf 76' lang='lat' dir='ltr'><strong>nosque·</strong></span> <span class='ocrx_word' id='word_1_285' title='bbox 570 3700 702 3781; x_wconf 90' lang='lat' dir='ltr'><strong>damno</strong></span> <span class='ocrx_word' id='word_1_286' title='bbox 727 3707 874 3806; x_wconf 88' lang='lat' dir='ltr'><strong>capituli</strong></span> <span class='ocrx_word' id='word_1_287' title='bbox 894 3711 1303 3810; x_wconf 75' lang='lat' dir='ltr'><strong>persoluat-videlicet</strong></span> <span class='ocrx_word' id='word_1_288' title='bbox 1326 3723 1468 3813; x_wconf 89' lang='lat' dir='ltr'><strong>septem</strong></span> <span class='ocrx_word' id='word_1_289' title='bbox 1493 3713 1609 3786; x_wconf 87' lang='lat' dir='ltr'><strong>libras</strong></span> <span class='ocrx_word' id='word_1_290' title='bbox 1633 3736 1655 3784; x_wconf 91' lang='lat' dir='ltr'><strong>a</strong></span> <span class='ocrx_word' id='word_1_291' title='bbox 1709 3715 1788 3782; x_wconf 88' lang='lat' dir='ltr'><strong>nst-</strong></span> 
     </span>
     <span class='ocr_line' id='line_1_34' title="bbox 405 3803 1787 3907; baseline 0.003 -29"><span class='ocrx_word' id='word_1_292' title='bbox 405 3823 520 3885; x_wconf 81' lang='lat' dir='ltr'><strong>enses</strong></span> <span class='ocrx_word' id='word_1_293' title='bbox 545 3821 618 3878; x_wconf 87' lang='lat' dir='ltr'><strong>sex</strong></span> <span class='ocrx_word' id='word_1_294' title='bbox 643 3803 787 3880; x_wconf 87' lang='lat' dir='ltr'><strong>solidos</strong></span> <span class='ocrx_word' id='word_1_295' title='bbox 820 3819 857 3882; x_wconf 89' lang='lat' dir='ltr'><strong>et</strong></span> <span class='ocrx_word' id='word_1_296' title='bbox 886 3823 1038 3907; x_wconf 89' lang='lat' dir='ltr'><strong>quatuor</strong></span> <span class='ocrx_word' id='word_1_297' title='bbox 1072 3810 1245 3892; x_wconf 87' lang='lat' dir='ltr'><strong>denarios</strong></span> <span class='ocrx_word' id='word_1_298' title='bbox 1279 3829 1421 3890; x_wconf 87' lang='lat' dir='ltr'><strong>monete</strong></span> <span class='ocrx_word' id='word_1_299' title='bbox 1453 3815 1595 3887; x_wconf 83' lang='lat' dir='ltr'><strong>veteris</strong></span> <span class='ocrx_word' id='word_1_300' title='bbox 1628 3823 1787 3882; x_wconf 81' lang='lat' dir='ltr'><strong>matram</strong></span> 
     </span>
     <span class='ocr_line' id='line_1_35' title="bbox 404 3899 1786 4012; baseline 0.003 -37"><span class='ocrx_word' id='word_1_301' title='bbox 404 3902 513 3976; x_wconf 84' lang='lat' dir='ltr'><strong>tritici</strong></span> <span class='ocrx_word' id='word_1_302' title='bbox 537 3911 622 3976; x_wconf 90' lang='lat' dir='ltr'><strong>octo</strong></span> <span class='ocrx_word' id='word_1_303' title='bbox 648 3899 801 3982; x_wconf 80' lang='lat' dir='ltr'><strong>solidos</strong></span> <span class='ocrx_word' id='word_1_304' title='bbox 836 3907 926 3986; x_wconf 90' lang='lat' dir='ltr'><strong>Item</strong></span> <span class='ocrx_word' id='word_1_305' title='bbox 961 3923 1131 4010; x_wconf 89' lang='lat' dir='ltr'><strong>sumptos·</strong></span> <span class='ocrx_word' id='word_1_306' title='bbox 1152 3935 1278 3988; x_wconf 80' lang='lat' dir='ltr'><strong>omines</strong></span> <span class='ocrx_word' id='word_1_307' title='bbox 1311 3914 1374 4012; x_wconf 89' lang='lat' dir='ltr'><strong>qni</strong></span> <span class='ocrx_word' id='word_1_308' title='bbox 1407 3914 1520 3988; x_wconf 90' lang='lat' dir='ltr'><strong>certis</strong></span> <span class='ocrx_word' id='word_1_309' title='bbox 1552 3906 1687 3984; x_wconf 87' lang='lat' dir='ltr'><strong>diebos</strong></span> <span class='ocrx_word' id='word_1_310' title='bbox 1718 3927 1786 4005; x_wconf 86' lang='lat' dir='ltr'><strong>pro</strong></span> 
     </span>
     <span class='ocr_line' id='line_1_36' title="bbox 405 3995 1787 4105; baseline 0.006 -33"><span class='ocrx_word' id='word_1_311' title='bbox 405 3995 670 4082; x_wconf 83' lang='lat' dir='ltr'><strong>consuetudine</strong></span> <span class='ocrx_word' id='word_1_312' title='bbox 695 4001 883 4084; x_wconf 84' lang='lat' dir='ltr'><strong>habentur.</strong></span> <span class='ocrx_word' id='word_1_313' title='bbox 898 4010 934 4081; x_wconf 93' lang='lat' dir='ltr'><strong>in</strong></span> <span class='ocrx_word' id='word_1_314' title='bbox 961 4007 1066 4089; x_wconf 87' lang='lat' dir='ltr'><strong>domo</strong></span> <span class='ocrx_word' id='word_1_315' title='bbox 1082 4011 1286 4105; x_wconf 55' lang='lat' dir='ltr'><strong>casuum·</strong></span> <span class='ocrx_word' id='word_1_316' title='bbox 1318 4025 1359 4086; x_wconf 84' lang='lat' dir='ltr'><strong>rt</strong></span> <span class='ocrx_word' id='word_1_317' title='bbox 1391 4015 1427 4085; x_wconf 90' lang='lat' dir='ltr'><strong>in</strong></span> <span class='ocrx_word' id='word_1_318' title='bbox 1461 4007 1524 4085; x_wconf 91' lang='lat' dir='ltr'><strong>die</strong></span> <span class='ocrx_word' id='word_1_319' title='bbox 1547 4006 1787 4086; x_wconf 72' lang='lat' dir='ltr'><strong>ascensionis</strong></span> 
     </span>
    </p>
   </div>
   <div class='ocr_carea' id='block_1_5' title="bbox 404 4092 1784 4214">
    <p class='ocr_par' dir='ltr' id='par_1_5' title="bbox 404 4092 1784 4214">
     <span class='ocr_line' id='line_1_37' title="bbox 404 4092 1784 4214; baseline 0.01 -36"><span class='ocrx_word' id='word_1_320' title='bbox 404 4092 539 4178; x_wconf 81' lang='lat' dir='ltr'><strong>domini</strong></span> <span class='ocrx_word' id='word_1_321' title='bbox 562 4100 602 4178; x_wconf 90' lang='lat' dir='ltr'><strong>in</strong></span> <span class='ocrx_word' id='word_1_322' title='bbox 626 4102 687 4186; x_wconf 84' lang='lat' dir='ltr'><strong>dic</strong></span> <span class='ocrx_word' id='word_1_323' title='bbox 712 4101 961 4188; x_wconf 79' lang='lat' dir='ltr'><strong>dedicacionis</strong></span> <span class='ocrx_word' id='word_1_324' title='bbox 985 4107 1110 4214; x_wconf 84' lang='lat' dir='ltr'><strong>templi</strong></span> <span class='ocrx_word' id='word_1_325' title='bbox 1131 4114 1171 4188; x_wconf 93' lang='lat' dir='ltr'><strong>in</strong></span> <span class='ocrx_word' id='word_1_326' title='bbox 1196 4110 1260 4190; x_wconf 88' lang='lat' dir='ltr'><strong>die</strong></span> <span class='ocrx_word' id='word_1_327' title='bbox 1282 4109 1470 4190; x_wconf 72' lang='lat' dir='ltr'><strong>michaelis</strong></span> <span class='ocrx_word' id='word_1_328' title='bbox 1493 4112 1568 4188; x_wconf 90' lang='lat' dir='ltr'><strong>sint</strong></span> <span class='ocrx_word' id='word_1_329' title='bbox 1591 4127 1784 4209; x_wconf 57' lang='lat' dir='ltr'><strong>expectet</strong></span> 
     </span>
    </p>
   </div>
   <div class='ocr_carea' id='block_1_6' title="bbox 0 0 2110 5034">
    <p class='ocr_par' dir='ltr' id='par_1_6' title="bbox 0 0 2110 5034">
     <span class='ocr_line' id='line_1_38' title="bbox 0 0 2110 5034; baseline 0 9"><span class='ocrx_word' id='word_1_330' title='bbox 0 0 2110 5034; x_wconf 95' lang='lat' dir='ltr'><strong> </strong></span> 
     </span>
    </p>
   </div>
  </div>
 </body>
</html>
