4209 5034
166 418 176 429 ³
376 400 480 547 232
953 443 1224 552 Monumenta
1295 438 1299 445 ’
1369 516 1374 527 .

375 688 462 765 aliis
487 712 510 764 a
537 684 705 763 ostolicis
730 680 1051 771 constitutionibus
1078 681 1291 800 ceterisque
1316 678 1514 757 contrariis
1541 676 1769 780 quibuscun-

346 812 454 891 vque.
502 709 585 865 den
619 788 654 862 si
689 784 862 888 personis
894 777 1073 885 predictis
1098 781 1162 859 vel
1188 780 1382 883 qulbusuis
1408 779 1493 857 aliis
1530 785 1766 861 communiter

369 888 436 965 vel
465 884 615 963 divisim
639 912 662 962 a
685 884 832 987 prelata
855 878 951 959 sede
976 881 1159 959 indultum
1192 883 1329 957 existat
1354 878 1452 981 quod
1476 878 1653 958 Interdici
1677 906 1768 977 sus-2

353 982 484 1091 ‚pendi
507 988 571 1062 vel
598 985 907 1063 excommunicari
940 994 1002 1059 aut
1037 981 1088 1057 ad
1118 980 1307 1058 Judicium
1343 981 1496 1057 euocari
1523 984 1768 1084 nonpossint

371 1112 440 1190 per
464 1088 593 1164 literas
617 1084 847 1187 apostolicas
872 1106 945 1158 uon
968 1081 1150 1159 facientes
1174 1082 1319 1183 plenam
1345 1092 1382 1157 et
1397 1100 1617 1182 expressam
1643 1105 1688 1162 ac
1715 1080 1765 1159 de

371 1187 493 1262 verbo
517 1186 567 1264 ad
592 1188 745 1265 verbum
769 1182 820 1259 de
843 1182 990 1260 ludulto
1022 1180 1230 1258 huiusmodi
1263 1182 1487 1273 mencionem
1522 1181 1658 1257 Datum
1683 1180 1766 1259 Ge·

222 1352 227 1361 ,
375 1287 509 1364 bennis
545 1287 628 1386 xiiij
673 1286 729 1361 kl.
773 1284 936 1383 Augusti
974 1281 1207 1385 pontificatus
1247 1283 1362 1357 nostri
1403 1302 1497 1357 anuo
1548 1283 1675 1381 primo.
1718 1316 1766 1335 -

376 1386 632 1464 Illustr'tssimo
666 1397 703 1461 et
732 1381 985 1461 Serenissimo
1017 1384 1136 1483 princi
1165 1384 1177 1455 i
1211 1392 1248 1457 et
1280 1376 1426 1457 domiuo
1460 1375 1604 1457 domiuo
1637 1378 1767 1480 Sigis-¹

377 1479 512 1563 mundo
538 1484 663 1561 diuina
700 1482 850 1559 fauente
888 1482 1093 1559 clemencia
1191 1504 1371 1557 manorum
1409 1500 1557 1581 semper
1590 1482 1767 1579 Angusto

377 1609 424 1662 ac
454 1581 649 1683 Huugarie
681 1582 875 1659 Dalmacie
911 1577 1074 1659 Croucie
1098 1596 1169 1659 etc.
1200 1582 1297 1681 Regi
1330 1590 1538 1657 uestrorum
1571 1602 1767 1679 regnorum

374 1686 902 1858 ttttttltitltt‘ttt
918 1679 1335 1881 attolerent:
1365 1678 1766 1879 {lassldbblifsslb

273 1925 277 1930 ·
376 1878 594 1959 Coloniensi
622 1879 908 1978 saltzburgensi
944 1880 1241 1979 Madcburgensi
1272 1879 1479 1955 Bremieusi
1514 1888 1551 1955 et
1585 1872 1768 1975 Pragensi

377 1978 693 2082 Arcbiepiseopis
717 2002 859 2055 necnon
883 1979 1150 2080 Bambergensi
1177 1976 1380 2057 Basiliensi
1405 1976 1672 2080 Herbipolcnni
1687 1980 1768 2055 Ar-

376 2080 587 2179 gentineusi
628 2079 860 2180 llystettcnsi
900 2080 1162 2182 Ratisponensi
1209 2078 1447 2179 llrisingeusi
1486 2076 1768 2157 Tridentinensi

373 2180 589 2255 Brixiueusi
615 2178 828 2255 Veronensi
853 2174 1131 2256 Castellnuonsi
1158 2176 1407 2257 Cbumaucnsi
1441 2176 1473 2255 S
1500 2179 1616 2273 irensi
1643 2178 1765 2253 Wor-

372 2280 535 2355 maceusi
562 2275 849 2355 Constaueieusi
868 2274 1044 2355 curiensi
1065 2278 1256 2369 verdensi
1274 2277 1452 2354 Mettensi
1519 2279 1768 2357 onastcriensi

372 2371 635 2453 Hildesineusi
664 2376 979 2464 llalberstattensi
996 2378 1180 2457 Misneusi
1191 2378 1233 2453 N
1235 2378 1485 2477 neuburgensi
1515 2374 1767 2478 Merseburg-

374 2479 456 2553 ensi
481 2474 763 2577 0snaburgeusi
788 2488 827 2555 et
850 2475 1089 2565 0lomucensi
1115 2478 1319 2581 Episcopis
1350 2500 1547 2578 eorumque
1574 2485 1611 2553 et
1636 2478 1768 2555 cuius·

374 2576 467 2655 libet
487 2576 656 2697 Ipsorum
680 2577 725 2654 lu
750 2578 1004 2679 spiritualibus
1027 2582 1181 2657 vicariis
1209 2591 1245 2667 et
1265 2576 1499 2655 Officialibus
1524 2578 1767 2675 generalibus

373 2698 419 2750 ac
443 2676 647 2753 Vniuersis
680 2690 719 2755 et
743 2678 903 2777 siugulis
937 2678 1092 2755 dominis
1117 2678 1325 2755 Abbatibus
1349 2678 1535 2777 prioribus
1561 2679 1763 2778 prepositis

374 2771 529 2851 decanis
567 2773 857 2853 Archidiaconis
894 2774 1119 2855 scolasticis
1157 2773 1379 2859 Cantoribus
1412 2772 1644 2855 Custodibus
1677 2775 1764 2855 the·

372 2876 552 2951 sacrariis
567 2873 751 2951 Sacrtstts
776 2876 951 2951 allusistis
970 2886 1043 2953 tam
1065 2873 1341 2955 cathedralium
1361 2899 1464 2976 qnam
1483 2876 1761 2977 collegiatarum

376 2968 577 3053 canonicis
601 2972 954 3077 parrochialicmque
978 2976 1224 3053 ecclesiarum
1249 2976 1472 3055 llectoribus
1499 2998 1570 3053 seu
1596 2976 1682 3053 loca
1707 2988 1767 3053 te-

375 3073 547 3151 nentibus
573 3075 774 3153 eorundem
800 3076 1100 3153 monasteriorum
1125 3086 1163 3153 et
1188 3072 1446 3175 religiosorum
1490 3098 1767 3177 nornmcuuque

372 3174 549 3257 ministris
570 3176 810 3270 generalibus
835 3174 1122 3275 prouincialibus
1154 3177 1308 3251 vicariis
1341 3100 1488 3252 Costod

373 3275 455 3352 anis
479 3298 527 3353 ao
552 3278 670 3352 sancti
695 3275 854 3352 Joauuis
878 3270 1181 3351 Jerosolomitani
1218 3286 1256 3353 et
1289 3276 1397 3356 beate
1422 3274 1549 3351 Mario
1581 3273 1768 3351 theutuni-

376 3397 501 3451 eorum
535 3374 731 3474 Magistris
769 3372 959 3449 Prioribus
1003 3368 1369 3453 Commendatoribus
1411 3397 1526 3477 prece
1553 3376 1694 3451 toribus
1730 3384 1768 3453 et

377 3474 547 3575 lpsorunn
584 3473 770 3550 domorum
811 3470 985 3547 iratribus
1022 3476 1234 3575 ceterisque
1267 3475 1500 3578 presbyteris
1528 3400 1766 3553 beneficiatis

376 3575 515 3649 curatis
547 3586 586 3649 ct
617 3597 693 3650 non
725 3574 864 3659 curatis
894 3573 1048 3650 vicariis
1080 3597 1129 3678 pc
1176 3578 1272 3653 etnis
1305 3586 1375 3653 tam
1398 3576 1634 3675 regularibus
1660 3598 1767 3675 quum

375 3671 611 3749 secularibus
636 3674 819 3774 exemptis
844 3682 881 3747 et
906 3694 978 3747 nou
1003 3686 1180 3778 exemptis
1213 3676 1363 3753 clericis
1388 3672 1558 3753 Notariis
1584 3683 1621 3751 et
1643 3672 1767 3751 tabel-

373 3770 538 3845 lionibus
562 3770 724 3871 publicis
748 3771 1035 3945 puibuscunqoe
1066 3798 1137 3878 per
1171 3766 1350 3854 dictorum
1376 3773 1599 3855 dominorum
1625 3770 1767 3851 Arebi-

377 3870 636 3970 episcoporum
676 3881 714 3947 et
785 3874 1019 3972 piscoporum
1060 3876 1272 3977 prouincias
1305 3876 1476 3953 ciuitates
1517 3886 1554 3953 et
1586 3870 1766 3951 dioceses

367 3988 419 4039 ac
440 3967 534 4043 alias
560 3969 714 4053 ubilibet
739 3972 949 4047 constitutis
974 3984 1012 4049 et
1032 3998 1159 4053 eorum
1172 3974 1322 4053 cuilibet
1344 3977 1382 4051 in
1407 3974 1577 4069 solidum,
1604 3970 1767 4051 Necnon

370 4063 578 4143 illustribus
614 4070 845 4174 principibus
879 4084 916 4149 ct
949 4070 1106 4151 dominis
1140 4073 1293 4153 dominis
1326 4068 1538 4171 brederico
1564 4070 1766 4151 marchioni

1489 3176 1573 3253 ibus
1600 3174 1768 3271 Gnordi·
1798 3242 1801 3249 .
1923 3172 1932 3189 '

2022 876 2027 925 ι

2023 952 2028 1025 t

2022 1078 2028 1129 t

1949 1176 1953 1183 ·
2023 1179 2029 1229 t

2023 1272 2029 1331 i

2027 1386 2030 1439 l

2027 1487 2031 1534 t

2028 1563 2031 1635 l
