4209 5034
698 531 964 640 episcopatus
990 531 1244 648 Augustani.
1589 535 1656 622 63

106 759 107 846 J
264 777 339 843 tenu
366 757 522 840 eandem
556 775 594 840 et
618 754 715 864 quod
747 757 797 838 de
821 775 949 841 cetero
984 760 1084 841 dicta
1115 763 1233 841 altera
1266 755 1446 842 meuses
1477 763 1656 844 dictarunt

263 863 493 942 decimarum
516 863 784 966 inperpetuum
808 875 953 964 spectet
978 875 1016 939 et
1039 866 1221 964 pertineat
1245 874 1282 942 et
1305 875 1480 968 spectare
1505 873 1543 942 et
1566 887 1657 968 per·

264 969 389 1045 tinere
415 963 547 1039 dabeat
572 962 619 1038 ad
644 989 712 1040 nos
738 959 945 1063 Capitulum
970 978 1133 1040 nostrum
1167 975 1204 1042 et
1236 987 1484 1044 successores
1508 977 1657 1044 nostros

106 1053 108 1148 Ῠ
264 1071 316 1144 ita
344 1077 384 1141 et
408 1061 533 1140 taliter
559 1063 655 1164 quod
681 1064 843 1164 quelibet
875 1089 963 1166 pars
987 1074 1057 1140 tatu
1083 1060 1217 1141 domiui
1241 1069 1420 1168 prepositi
1445 1089 1550 1166 quent
1575 1060 1655 1144 Os·

262 1164 374 1270 pituli
401 1161 548 1239 desua
571 1163 762 1242 medietate
797 1166 944 1241 maioris
979 1163 1123 1240 decime
1147 1169 1371 1268 antescripte
1393 1163 1555 1242 ,uustn
1589 1187 1657 1242 se·

106 1249 107 1274 ³
263 1265 423 1371 paratim
455 1272 493 1339 et
528 1261 732 1342 disiunctim
764 1267 884 1365 possit
917 1264 1119 1366 disponere
1149 1277 1259 1368 prout
1285 1267 1359 1345 sibi
1390 1267 1512 1343 viam
1542 1259 1657 1342 inerit

264 1358 456 1482 expedire
483 1373 520 1438 et
546 1363 641 1481 qnod
667 1375 796 1484 neutra
820 1365 970 1466 partium
985 1363 1230 1483 predictarum
1245 1365 1367 1467 aliqua
1384 1367 1450 1442 via
1467 1363 1530 1442 uel
1546 1359 1657 1443 modo

264 1465 407 1542 debeat
430 1462 610 1563 impedire
636 1463 811 1564 reliquam
843 1467 888 1560 iu,
910 1475 1014 1567 parte
1047 1466 1119 1542 subi
1139 1467 1379 1566 ,contingente
1411 1465 1561 1643 publice
1592 1461 1659 1540 uel

106 1599 108 1664 3
264 1565 419 1642 occulte
446 1562 589 1638 directe
613 1565 676 1640 uel
701 1565 882 1642 indirecte
909 1563 1009 1640 trullo
1034 1567 1181 1665 penitus
1199 1567 1347 1641 inuento
1364 1589 1410 1642 co
1425 1585 1492 1640 ore
1510 1558 1658 1665 quando

265 1663 316 1742 de
342 1661 545 1738 medietate
570 1689 640 1738 sua
671 1663 768 1740 dicte
802 1665 945 1742 decime
978 1659 1149 1766 disponat
1174 1663 1288 1742 iaciat
1317 1679 1355 1742 et
1378 1661 1526 1742 ordinet
1549 1661 1659 1760 quid·

262 1762 356 1866 quid
382 1763 488 1838 velit·
539 1763 630 1838 ltern
662 1767 850 1840 statuimus
884 1761 1118 1841 decernimus
1151 1763 1347 1842 diffinimus
1380 1775 1419 1841 et
1449 1757 1658 1840 ordinamus

262 1861 367 1965 quod
390 1886 464 1938 uec
499 1860 666 1937 domiuus
702 1875 828 1940 noster
848 1867 1065 2042 prepositus
1100 1859 1305 1941 hodiernus
1336 1863 1408 1941 sed
1445 1885 1517 1941 nec
1547 1861 1660 1964 aliqui
1787 1893 1791 1901 ·

261 1986 533 2056 successorum
559 1985 704 2038 suorum
728 1987 800 2040 nec
825 1967 957 2064 aiquis
982 1967 1147 2066 ipsorum
1170 1968 1315 2042 nomine
1347 1988 1428 2041 cum
1458 1961 1567 2039 dietis
1591 1962 1658 2036 tri·
1732 1982 1737 1990 ·

106 2151 107 2162 q
261 2063 336 2142 bus
364 2059 496 2140 Curiis
522 2061 744 2140 villicalibus
784 2087 857 2164 que
888 2075 974 2140 sunt
1006 2069 1211 2140 nominatim
1240 2068 1416 2166 superius
1447 2081 1660 2164 expressae

260 2185 336 2240 nec
363 2186 448 2240 curn
471 2163 633 2260 ipsarum
658 2164 862 2240 attinenciis
888 2173 924 2240 et
948 2167 1187 2266 pertiennciis
1218 2165 1367 2242 scilicet
1396 2162 1542 2254 huben,
1577 2158 1658 2238 sdl·

106 2243 107 2278 ⁷
262 2263 340 2338 den
368 2263 532 2344 minutis,
546 2259 698 2337 decimis
722 2265 885 2339 tabernis
911 2264 1130 2340 molendinis
1153 2260 1423 2342 Jurisdictione
1456 2274 1493 2338 et
1517 2260 1661 2336 iuribus

260 2365 390 2464 ipsius
415 2361 510 2436 ville
535 2363 745 2460 pastoribus
771 2375 808 2440 et
833 2363 1013 2439 custodiis
1038 2386 1213 2464 pecorum
1248 2387 1329 2440 curn
1356 2360 1562 2440 confinibus
1585 2359 1661 2457 lig·

261 2486 401 2540 norum
424 2473 462 2536 et
486 2484 566 2536 cunt
590 2463 684 2563 ipsis
709 2463 816 2538 siluis
842 2473 880 2538 et
905 2463 1015 2560 lignis
1040 2465 1306 2562 pertinentibus
1335 2462 1385 2536 ad
1417 2463 1542 2577 curias
1570 2479 1661 2558 pre·

263 2573 419 2638 notam
443 2559 512 2636 sed
538 2583 610 2636 nee
634 2563 749 2636 eciam
776 2561 1002 2661 genteraliter
1027 2585 1109 2636 cum
1143 2561 1364 2661 quibuslibet
1394 2559 1538 2635 iuribus
1572 2577 1662 2658 per·

106 2749 107 2752 Ἴ
264 2661 448 2738 tinenciis
467 2671 504 2734 et
519 2661 728 2736 attinenciis
743 2655 1020 2762 quibuscunque
1043 2684 1260 2762 quocunqne
1277 2666 1420 2736 nomine
1438 2665 1662 2734 censeantur

263 2773 306 2838 et
332 2782 563 2860 quocumque
589 2759 771 2835 vocabulo
804 2763 947 2863 possint
979 2761 1137 2859 exprimi
1170 2761 1352 2838 fructibus
1385 2753 1595 2836 redditibus
1624 2763 1662 2838 et

261 2861 565 2938 obueacionibus
589 2859 776 2934 uniuersis
804 2871 840 2935 et
866 2859 1025 2957 singulis
1052 2857 1166 2936 nicbil
1193 2859 1421 2962 excipiendo
1443 2857 1592 2960 penitus
1610 2851 1665 2930 nil

106 2949 108 3014 t
259 2959 428 3038 habeant
455 2953 657 3058 disponere
681 2958 810 3034 tacere
840 2959 903 3034 uel
939 2955 1108 3034 ordinare
1139 2961 1251 3036 tacite
1284 2961 1349 3036 uel
1381 2977 1567 3062 expresse
1592 2977 1664 3056 pu·

258 3061 365 3140 blice
391 3057 457 3134 uel
484 3057 633 3134 occulte
660 3057 802 3134 directe
827 3058 890 3134 uel
917 3054 1099 3134 indirecte
1125 3059 1348 3158 quibuslibet
1378 3060 1442 3132 via
1466 3056 1530 3132 uel
1554 3052 1664 3130 node

106 3191 107 3246 ῑ
260 3160 434 3261 quolibet
471 3159 618 3258 quesite
661 3155 790 3233 colore
826 3159 973 3259 penitus
1007 3168 1094 3260 post
1127 3170 1272 3258 tergato
1309 3157 1383 3232 nisi
1414 3159 1452 3232 iu
1486 3153 1663 3232 conmuni

106 3255 108 3280 '
260 3263 366 3336 sicut
393 3259 490 3334 alter
517 3260 721 3334 canonicus
746 3255 1000 3358 prebendatus
1029 3269 1191 3359 excepta
1219 3253 1418 3334 medietate
1442 3251 1665 3336 deeimarum

106 3417 107 3420 ,
259 3361 442 3438 maiorum
469 3359 628 3433 omnium
650 3355 825 3432 dictarum
850 3357 956 3432 trium
983 3354 1175 3434 Curiorum
1202 3383 1306 3458 quarn
1331 3354 1472 3433 babere
1500 3363 1542 3430 et
1564 3352 1666 3429 reci·

259 3482 357 3563 pere
387 3457 552 3534 debeant
578 3457 712 3532 domini
737 3457 917 3558 prepositi
942 3481 1013 3556 pro
1036 3467 1201 3557 tenpore
1227 3458 1434 3532 existentes
1466 3462 1504 3530 et
1528 3455 1679 3529 secund

257 3571 321 3636 tur
348 3570 389 3636 et
408 3559 521 3656 sequi
544 3565 738 3634 teneantur
756 3579 805 3658 pe
851 3565 935 3632 etno
956 3559 1223 3658 preposituram
1240 3555 1443 3658 predictam
1465 3563 1503 3630 et
1522 3545 1667 3654 quaudo

256 3681 372 3736 snam
399 3655 653 3757 predictarum
677 3657 782 3733 trium
833 3657 991 3731 uriarum
1012 3656 1144 3732 villico
1161 3679 1300 3732 vacare
1315 3653 1543 3754 contingerit,
1617 3647 1668 3726 od

235 3743 270 3780 ὀ

298 3783 348 3835 se
376 3753 582 3840 modernus
608 3752 776 3832 dominus
808 3759 1016 3856 prepositus
1051 3767 1089 3830 et
1121 3778 1372 3833 successores
1403 3757 1462 3830 sui
1493 3775 1563 3829 con
1581 3770 1668 3828 erre

286 3861 442 3949 ebeaut,
466 3861 573 3958 ipsas
599 3851 737 3932 Curias
762 3857 824 3932 uel
845 3857 1010 3956 ,ipsarum
1034 3855 1187 3930 alteranr
1211 3877 1282 3956 que
1307 3853 1490 3931 vacabunt
1512 3849 1578 3930 uel
1596 3873 1668 3927 ve·

106 3925 108 3960 Ξ
256 3961 376 4039 mett,
402 3958 472 4032 vni
498 3959 663 4048 rustico,
703 3979 809 4054 quent
843 3961 901 4032 eis
932 3957 1052 4054 ipsum
1078 3955 1274 4054 capitulum
1311 3953 1561 4056 praesentabit
1598 3971 1667 4051 pre

106 4057 107 4082 ³
257 4056 512 4137 bonoraneiis
544 4055 809 4156 suprascriptis
841 4067 880 4131 et
913 4055 1008 4130 alias
1033 4057 1200 4133 omnibus
1231 4053 1348 4130 modis
1383 4055 1517 4128 viaet
1552 4049 1669 4126 loma

263 4157 479 4238 secundum
533 4153 632 4256 qnod
681 4169 739 4230 est
778 4155 907 4232 verbis
957 4178 1178 4255 expressunt
1223 4157 1394 4255 superius
1439 4147 1668 4228 tactuum

261 4263 408 4364 pariter
458 4264 498 4334 et
534 4255 780 4357 descripturo.
827 4253 1042 4332 'Volumus
1096 4258 1214 4336 ecia·
1268 4263 1306 4332 et
1355 4251 1552 4354 statuinm
1596 4265 1668 4355 pqr
