4209 5034
469 507 586 626 βω
1027 499 1306 594 Monumenta·
1446 584 1455 598 ,
1617 455 1620 464 ¹

469 733 930 840 hincinde-procuratores
952 707 1176 834 successies
1201 721 1416 824 iandicio
1433 736 1686 830 comparentes
1704 729 1842 804 ternino

470 831 677 924 huiusmodi
709 859 777 938 pro
806 821 969 936 partibus
1001 837 1082 910 suis
1114 827 1287 908 hincinde
1313 825 1580 918 satisfaciendo
1608 826 1780 927 quosdam
1800 825 1844 900 li·

470 939 594 1016 heltcs
620 939 702 1014 siue
728 937 939 1012 snnnnarias
964 936 1171 1034 petitiones
1186 935 1338 1033 partium
1369 955 1517 1006 suarum
1541 927 1715 1004 hincinde
1738 928 1844 1006 verbo

471 1038 588 1112 sotum
615 1049 652 1112 et
677 1035 862 1112 dumtaxat
888 1035 996 1110 solita
1022 1037 1283 1136 protestatione
1317 1035 1445 1132 precia
1478 1025 1610 1106 dantes
1635 1040 1672 1106 et
1696 1028 1845 1104 offerere

459 1132 533 1212 ¹tes
556 1159 600 1210 ac
626 1134 766 1210 dernunr
791 1136 884 1235 ipsis
909 1135 1209 1234 procuratoribus
1239 1135 1324 1208 siue
1357 1126 1525 1209 Sindicis
1558 1130 1769 1230 respectiuc
1795 1132 1847 1202 in·

473 1236 651 1314 stantibus
696 1229 761 1310 Ad
795 1229 1000 1335 ponendum
1037 1246 1074 1309 et
1107 1229 1371 1312 articulandunn
1408 1233 1567 1332 ponique
1602 1241 1639 1304 et
1672 1227 1848 1304 articulari

471 1329 670 1410 videndum
704 1337 741 1408 iu
776 1327 982 1408 huiusmodi
1022 1357 1137 1410 cansa
1178 1348 1315 1409 eertum
1355 1329 1637 1432 peremptorium
1670 1330 1848 1404 terrninnnr

473 1443 736 1535 competentem
769 1435 980 1535 respectiue
1021 1432 1236 1536 pretixinrns
1275 1433 1465 1508 statuimus
1509 1438 1547 1509 et
1586 1430 1848 1528 assignaninus

475 1531 558 1625 Quo
592 1527 815 1609 adueniente
857 1529 1162 1651 Cornparentihns
1201 1532 1423 1608 successise
1463 1532 1500 1604 in
1539 1525 1695 1604 Jndi‘cio
1738 1551 1851 1603 caran

472 1633 582 1711 nobis
608 1633 763 1734 prefatis
789 1631 984 1732 Magistrrs
1007 1629 1180 1708 Johaune
1215 1631 1312 1706 labri
1338 1641 1374 1705 et
1399 1629 1517 1704 Paulo
1544 1624 1662 1705 Celer
1687 1623 1852 1704 hincinde
1974 1704 1975 1737 p

473 1734 769 1832 procuratoribus
795 1734 998 1819 nominihus
1024 1753 1149 1822 eorurn
1179 1724 1353 1806 hincinde
1388 1729 1520 1829 quibus
1546 1751 1660 1829 supra
1680 1751 1853 1828 procura·

363 1865 369 1897 t
473 1832 585 1908 toriis·
608 1841 644 1906 et
668 1833 823 1912 tennino
846 1826 1053 1906 huiusmodi
1077 1829 1251 1907 hincinde
1272 1831 1485 1932 respectioe
1510 1851 1575 1929 pro
1597 1829 1763 1930 partibus
1780 1828 1853 1902 suis
1974 1864 1975 1889 ι

473 1924 740 2024 satisfaciendo
766 1951 893 2004 onnes
914 1942 950 2006 et
970 1931 1140 2028 singulos
1155 1932 1360 2030 positiones
1375 1941 1412 2005 et
1432 1929 1607 2006 articulos
1627 1947 1674 2004 ac
1691 1929 1853 2002 materias

474 2029 688 2118 articulatur
721 2051 787 2128 pro
821 2027 926 2103 dictis
950 2051 1084 2104 corum·
1100 2028 1266 2130 partibus
1301 2030 1338 2104 in
1372 2031 1486 2129 priori
1512 2027 1726 2118 huiusmodi-
1749 2047 1855 2102 msc

474 2128 654 2206 instancia
679 2126 948 2225 euonwdolihct
974 2127 1084 2204 datos
1105 2143 1143 2206 er
1167 2127 1355 2206 exhibitos
1388 2130 1433 2205 ln
1457 2140 1625 2229 ponunt
1649 2139 1770 2204 amen
1820 2146 1855 2201 ro

474 2227 781 2329 nepotibusque
807 2228 887 2302 suis
912 2231 1127 2328 respectiue
1151 2227 1320 2304 facerent
1345 2239 1383 2304 et
1406 2251 1479 2306 non
1499 2225 1594 2304 alias
1609 2153 1856 2329 repetentilrs

473 2349 525 2422 ac
545 2325 746 2414 nonnullos
766 2326 863 2418 alios
888 2329 1003 2404 verbo
1029 2329 1147 2422 solun
1172 2339 1212 2406 et
1228 2325 1415 2406 donarat
1432 2327 1601 2405 dantihus
1620 2341 1659 2403 et
1678 2326 1857 2404 exhihen-

473 2425 584 2518 tibus·
619 2425 706 2518 Nos
737 2437 825 2504 tunc
854 2425 904 2502 ad
937 2427 1025 2504 dicti
1060 2428 1235 2527 Magistri
1267 2427 1452 2504 «Iohannis
1483 2429 1580 2504 labri
1612 2425 1858 2528 procuratoris

475 2526 559 2616 sinc
584 2521 730 2604 Siudiei
750 2525 984 2626 citeriorem,
1010 2529 1233 2604 instantiam.
1250 2527 1430 2630 prelatura
1463 2527 1684 2626 Magistrum
1711 2526 1857 2604 naun

476 2614 594 2703 Color
618 2621 833 2702 exaduerso
859 2639 1132 2727 procuratorene
1162 2630 1248 2704 siue
1280 2623 1474 2705 Sindieun
1498 2627 1581 2704 'Ad
1607 2623 1805 2706 dicendum
1826 2633 1859 2699 'a

477 2719 747 2824 cxcipriendurn'
772 2725 959 2824 quicquid·
980 2729 1097 2805 verbo
1129 2728 1195 2804 vel
1228 2729 1267 2801 in
1301 2730 1375 2803 scri
1404 2728 1452 2804 tis
1494 2727 1621 2804 coutrn'
1660 2728 1859 2828 positiones

475 2830 513 2898 et
537 2821 714 2898 articulos
740 2801 846 2898 datos
873 2837 1106 2927 strepentes
1131 2823 1337 2904 huiusmodi
1367 2753 1606 2926 lhqunntunr
1638 2827 1787 2903 articuli
1817 2841 1858 2900 ac

474 2917 773 3018 respondendum
810 2917 953 2998 eisdem
997 2925 1041 2998 In
1081 2937 1249 3025 qnantum
1289 2929 1497 3029 positiones
1533 2929 1744 3004 existerent
1782 2925 1858 3000 siro

475 3039 566 3094 csse
591 3043 612 3094 c
639 3029 834 3094 nserentur
861 3021 989 3097 dicere
1015 3025 1098 3100 sina
1122 3028 1303 3126 excipere
1328 3025 1490 3102 Necnon
1515 3027 1565 3104 ad
1586 3021 1859 3130 producantu-

476 3126 514 3193 ct
538 3041 693 3218 produci
719 3115 919 3194 videndum
946 3125 1064 3200 onnia
1090 3136 1128 3202 et
1151 3127 1303 3224 singula
1326 3137 1410 3204 acta
1431 3130 1578 3204 actitata
1604 3127 1751 3202 litteras
1771 3121 1858 3198 sori·

474 3225 603 3316 ptores
628 3217 827 3319 priuilegia
850 3241 1056 3320 processus
1082 3223 1326 3302 Instrumenta
1349 3231 1551 3326 ceteraque
1573 3226 1671 3303 Jura
1694 3237 1734 3299 et
1751 3220 1858 3328 nani·

473 3325 597 3392 noenta
620 3317 753 3416 quihus
776 3329 902 3417 partes
928 3317 1099 3398 hincinde
1120 3325 1156 3398 in
1176 3323 1384 3402 huiusmodi
1402 3349 1518 3402 causa
1533 3327 1585 3400 vti
1604 3337 1643 3400 ct
1661 3323 1857 3401 salmo

474 3415 649 3531 volehsnt
673 3416 750 3492 Per
774 3439 885 3494 vnum
912 3439 963 3494 ex
989 3420 1076 3499 dicti
1101 3421 1234 3500 donini
1259 3427 1373 3502 nostri
1399 3448 1496 3527 pape
1522 3421 1760 3504 Gursnrihns'
1775 3441 1858 3496 suc·

434 3619 437 3638 Ι
475 3533 626 3590 cessone
658 3516 764 3632 citari
797 3513 1045 3636 mendaciorus
1091 3533 1132 3598 ct
1167 3523 1324 3599 lecimus
1363 3521 1430 3601 Ad
1462 3535 1588 3603 certos
1616 3522 1856 3602 ·sncccss'reor

473 3622 1855 3822 nteit}„tttttntttttthastituecense

475 3803 638 3888 aduerso
663 3817 894 3912 procuratori
917 3819 1001 3894 sine
1026 3815 1186 3897 Sindica
1209 3820 1362 3899 Instanti
1388 3823 1627 3926 partibusque
1648 3817 1855 3921 assignari-
1969 3870 1970 3901 3

473 3931 555 4024 nnus
580 3919 666 3986 tunc
690 3907 757 3986 Ad
779 3913 883 3993 ldern
910 3917 1205 4019 Qnihrsquidenr·
1224 3923 1639 4004 terminis-successise
1660 3936 1855 4000 occurret·

473 4005 634 4126 ithusct
657 4012 818 4110 quolibet
843 4015 1044 4094 eorundem
1076 4016 1347 4120 comparentes
1377 4028 1602 4105 successies
1637 4025 1675 4100 in
1708 4017 1853 4104 detrio

470 4090 647 4204 legrttrnre
670 4131 793 4192 coron
818 4115 925 4194 nobis
950 4115 1126 4219 Magistri
1148 4120 1343 4200 lohannes
1374 4121 1470 4201 fohri
1502 4136 1540 4201 st
1568 4123 1711 4202 Paulus
1736 4114 1848 4196 Color
