4209 5034
544 569 548 579 ¹
658 549 925 658 episcopatus
954 546 1215 664 Augurum.
1437 553 1446 561 ’
1550 543 1665 658 341,

273 779 481 861 medietatis
513 783 550 857 iu
585 782 717 860 Gmno
750 781 868 859 'etiam
891 781 996 856 iuxta
1036 779 1187 858 lernam
1220 777 1422 857 concordie
1453 739 1662 860 inm-odi
1731 764 1735 780 ’

272 885 469 960 Annuntim
502 883 725 985 persoluere
760 894 799 958 et
836 882 1029 978 assignare
1064 890 1257 960 temtor
1289 880 1341 958 lit
1372 881 1527 984 insuper
1561 883 1688 984 quod'
1804 936 1807 945 ·

272 986 586 1084 quotienscunque
621 983 752 1062 dictem
775 983 1051 1084 Propositurom
1072 1005 1159 1084 quer
1190 982 1353 1059 muneris
1386 984 1660 1086 susceptionem

273 1093 335 1160 ant
350 1087 456 1160 etiam
470 1107 523 1161 ex
537 1079 691 1162 decreto
707 1082 813 1161 sedis
824 1081 995 1182 predicte
1018 1105 1088 1183 per
1104 1083 1221 1160 solam
1245 1084 1506 1185 promotionem
1529 1082 1661 1161 buius-

243 1241 246 1254 .
272 1183 371 1260 modi
395 1184 458 1262 nel
484 1207 631 1280 cessum
655 1207 726 1262 seu
753 1183 951 1260 decessum
977 1205 1048 1260 seu
1084 1184 1248 1282 quemuis
1271 1183 1380 1259 aliam
1411 1178 1660 1262 dimissionem

274 1280 363 1361 dicti
387 1283 532 1362 Mutbei
557 1297 596 1364 et
630 1283 827 1364 cuiuslibet
859 1281 1014 1360 ulterius
1045 1281 1147 1370 illum
1168 1306 1237 1386 pro
1270 1294 1436 1385 tempore
1460 1283 1659 1364 obtinentis

274 1383 340 1460 uel
363 1383 458 1462 slias
485 1389 617 1486 quouis
642 1383 749 1462 modo
783 1385 890 1462 etiam
923 1381 1023 1486 apud
1055 1379 1186 1462 sedem
1210 1379 1414 1486 predictam
1444 1394 1484 1462 et
1515 1385 1554 1459 iu
1630 1370 1640 1405 ⁴

274 1485 405 1561 busnis
418 1484 616 1564 Mensibus
642 1509 779 1566 mesre
803 1483 1188 1586 contigeritDecenus
1214 1498 1253 1564 et
1267 1481 1476 1587 Capitulum
1500 1507 1569 1586 pre
1596 1486 1660 1564 icti
1714 1567 1718 1575 ,
1849 1529 1856 1546 1

275 1583 325 1660 ad
350 1585 451 1661 illum
477 1588 534 1664 sic
559 1601 749 1666 necantem
785 1609 978 1690 personum
1012 1585 1184 1664 idoneam
1214 1609 1263 1664 ex
1294 1583 1435 1662 eisdem
1460 1583 1661 1664 Canonicis

103 1759 108 1770 ,
276 1680 549 1787 capitularibus
571 1690 713 1791 absque
736 1688 787 1766 ali
814 1713 861 1766 nu
894 1683 1182 1766 contradictione
1213 1686 1277 1764 uel
1310 1683 1564 1788 impedimento
1589 1687 1662 1763 eli-

302 1805 368 1864 cre
393 1784 550 1864 debeant
575 1802 613 1866 et
636 1792 781 1892 possint
841 1799 855 1864 t
879 1791 936 1864 sic
968 1811 1036 1888 pro
1061 1784 1225 1890 tempore
1262 1787 1406 1865 electus
1437 1786 1534 1863 inira
1559 1787 1689 1864 'lues'

321 1907 433 1962 enses
458 1911 481 1962 n
506 1883 569 1966 die
595 1890 789 1968 electionis
815 1885 1026 1962 huiusmodi
1052 1885 1314 1989 computandos
1328 1910 1459 1963 nouum
1472 1888 1662 1988 prouisio-

273 1983 1664 2184 'stituit‘¹ituit„luiticiscucurbitisdt

223 2237 230 2250 ·
274 2205 419 2284 cunque
444 2113 536 2263 i'urbb
561 2190 634 2267 sibi
657 2192 695 2265 in
721 2189 822 2266 dictu
852 2115 1089 2290 lprepositura
1113 2111 1251 2264 scibo
1274 2187 1373 2263 illan
1393 2186 1665 2288 quomodolibet

273 2288 514 2386 competentis
540 2314 645 2389 quum
672 2289 971 2366 contrafacieudo
998 2310 1045 2364 eo
1070 2290 1154 2389 ipso
1179 2288 1343 2364 incurret
1367 2289 1511 2363 omuino
1533 2299 1665 2380 tenea-
1824 2309 1842 2346 ··

155 2427 162 2434 π·
272 2395 333 2462 tur
370 2385 556 2488 Quodque
592 2411 809 2489 quecunque
853 2387 1073 2464 collationes
1115 2386 1354 2504 pronisiones
1398 2389 1662 2462 nominationes
1829 2430 1840 2470 a
1960 2447 1966 2452 .

273 2483 488 2564 commende
513 2487 670 2566 uniones
683 2489 912 2564 annexiones
936 2489 1255 2588 incorporationes
1274 2487 1564 2588 suppressiones
1589 2509 1671 2562 ex··
1743 2519 1751 2533 e

271 2588 468 2664 tinctiones
493 2589 758 2692 applicationes
784 2599 822 2665 et
847 2587 978 2689 queuis
1003 2585 1082 2664 alie
1109 2585 1374 2689 dispositiones
1397 2590 1543 2662 necnon
1568 2609 1664 2663 con-

260 2684 422 2762 ¹ferendi
453 2689 677 2790 procidendi
695 2687 916 2766 nominandi
948 2685 1227 2765 commendandi
1259 2685 1411 2762 uniendi
1442 2677 1664 2764 aunemcudi

273 2786 530 2888 incorporandi
566 2789 820 2892 supprimendi·
850 2784 1062 2890 spplicondi
1095 2786 1315 2889 disponendi
1348 2797 1387 2863 et
1420 2788 1553 2906 queuis
1589 2786 1664 2863 ulia

273 2881 441 2964 maudma
465 2888 659 2967 facultates
696 2904 733 2968 et
765 2890 1034 2968 concessiones
1072 2887 1122 2964 de
1158 2887 1257 2965 dicta
1281 2886 1526 2988 Preposrtura
1545 2889 1666 2962 ‘etiam
1719 2987 1724 2994 Π
1829 2951 1834 2956 .

272 2985 475 3086 predictam
493 2989 621 3066 sedem
647 2989 741 3066 alias
768 3015 870 3092 quarn
897 2999 935 3064 nt
948 2987 1145 3088 prefertur
1169 3012 1237 3089 pro
1253 2998 1418 3090 tempore
1442 2986 1675 3093 ioctaNerq

274 3108 348 3160 non
364 3109 583 3190 quecunque
608 3091 990 3191 gretiebixpectutine
1014 3089 1204 3190 speciales
1229 3089 1292 3164 uel
1315 3089 1664 3186 generales-reser-

260 3187 443 3262 -uutiouos
468 3192 576 3265 etium
601 3189 651 3266 ad
685 3191 822 3266 nullius
849 3189 1060 3264 instantiam
1095 3188 1196 3264 facte
1233 3199 1271 3263 et
1302 3187 1378 3264 alie
1409 3186 1533 3262 littere
1557 3188 1665 3262 etium

276 3285 553 3388 quibuscunque
586 3293 758 3392 personis
785 3289 951 3367 cuiusuis
987 3299 1105 3364 matus
1139 3287 1278 3383 gedue
1304 3285 1519 3362 Nobilitetis
1553 3307 1665 3388 pree-

272 3385 443 3462 minentie
468 3387 608 3464 ordinis
633 3387 854 3468 conditionis
881 3398 917 3463 et
942 3387 1130 3485 diguitatis
1146 3385 1392 3463 existentibus
1408 3387 1515 3463 etiam
1532 3397 1664 3460 sancte

258 3477 439 3562 -Rombrre
475 3488 639 3566 ecclesie
679 3489 937 3569 cartusiens
978 3485 1380 3586 etiam-imperatorum
1411 3482 1661 3584 Imperetric'is

273 3583 418 3684 Regum
454 3587 679 3686 Reginurun
711 3592 925 3689 Principum
959 3587 1102 3663 Ducum
1127 3584 1382 3663 lllarcbionurn
1415 3581 1594 3660 Comitum
1628 3592 1665 3660 et

273 3683 425 3760 aliorum
452 3685 675 3764 dominorum
690 3686 950 3790 ,temporalium
976 3709 1021 3762 uc
1046 3688 1058 3760 i
1087 3708 1210 3762 sorum
1237 3683 1485 3760 cardinalium
1518 3705 1661 3760 necnon

276 3783 655 3888 Arcbiepiscoporurn
680 3789 948 3892 Episcoporum
975 3795 1012 3862 et
1037 3711 1191 3862 abutum
1205 3785 1433 3860 Prelatorum
1459 3809 1505 3860 ac
1529 3805 1664 3884 perso-

276 3909 401 3960 narum
429 3911 724 3988 quarumcunque
758 3901 795 3966 et
829 3889 958 3990 queuis
991 3884 1062 3962 alie
1098 3899 1410 3985 quantumcunque
1445 3887 1601 3959 unanima
1626 3894 1664 3994 et

276 3986 515 4084 excogitabit
542 3989 838 4068 consideratione
865 4001 901 4066 et
927 3989 1056 4062 intuitu
1081 4009 1127 4061 ac
1153 4008 1204 4060 ex
1237 3986 1428 4084 qnibusuis
1453 3987 1559 4060 etiarn
1586 4009 1664 4059 rna-

276 4085 386 4160 ximis
400 4087 665 4184 ingentissimus
689 4092 816 4166 censis
840 4093 946 4166 ctiam
971 4110 1038 4187 pro
1066 4087 1190 4164 litibus
1215 4107 1262 4161 cc
1287 4083 1396 4162 bellis
1423 4096 1460 4160 et
1476 4080 1665 4160 scandalis

276 4183 456 4263 sedendis
481 4197 518 4262 et
543 4191 683 4265 ratione
708 4191 838 4266 inuium
866 4209 1057 4266 cessurum
1083 4185 1145 4262 uel
1161 4183 1359 4262 ublatoluru
1376 4208 1421 4298 ap
1436 4184 1666 4262 detentorum
