4209 5034
457 523 555 612 182
1019 519 1288 608 Monumeuta
1380 556 1389 576 ¹

349 723 356 736 ’
455 755 536 850 Der
562 756 682 855 geben
718 757 765 830 ist
797 779 853 830 am
878 751 1111 830 lilitwocben
1144 750 1239 830 nacb
1271 751 1355 830 dem
1380 744 1527 850 Suntag
1549 745 1740 824 inuocauit
1764 746 1827 824 des

453 851 545 932 Jars
570 855 627 933 als
652 879 731 930 man
757 853 833 929 salt
857 878 952 930 ronn
979 849 1122 930 Christi
1160 875 1317 928 rnnsers
1349 850 1459 928 lrerrn
1490 857 1625 952 gepurt
1649 847 1829 925 Tausent·

343 1001 350 1020 ι
385 1059 393 1074 ¹
453 950 703 1032 ricrbundert
722 949 927 1055 Sibencuig
951 949 1331 1143 rnndoseacbssgsre.

999 1461 1277 1571 xxxxvu.
1411 1520 1414 1524 -

755 1721 758 1724 -
837 1681 925 1740 anno
947 1682 1039 1742 ura
1083 1684 1116 1742 o.
1147 1682 1265 1741 nono.
1306 1680 1457 1754 nmen.

456 1863 674 1950 lohannes
693 1885 760 1968 ap.
792 1863 958 1967 missam
988 1870 1236 1970 perpetuam
1264 1862 1309 1944 in
1338 1861 1502 1968 capella
1525 1865 1578 1942 st
1599 1855 1840 1946 sebastiani

348 1989 354 1996 '
457 1981 502 2065 in
532 1979 739 2096 Dilingcn
768 1977 995 2066 secuudum
1025 1979 1325 2062 ordinationem
1345 1973 1532 2064 conradi
1557 1971 1763 2062 Schenck
1790 1977 1840 2061 dc

565 2095 902 2184 Schenlrenst'ain
934 2119 1082 2180 canon.
1113 2098 1233 2224 Aug.
1265 2093 1478 2180 fundatam
1507 2091 1735 2180 confirmat
1810 2184 1815 2192 ,

557 2327 749 2407 Jobannes
776 2325 840 2406 del
863 2342 900 2407 et
923 2330 1131 2434 apostolice
1157 2329 1263 2408 sedis
1288 2331 1417 2428 gracia
1433 2327 1648 2430 Episcopus
1674 2331 1844 2430 August·

462 2431 565 2506 ensis
597 2429 662 2506 Ad
698 2439 909 2530 perpetuam
942 2433 997 2508 rei
1032 2433 1248 2509 memoriam.
1291 2427 1431 2507 Summi
1465 2430 1630 2530 magistri
1669 2427 1843 2531 dignacio

461 2552 671 2630 quamquam
697 2531 892 2606 immeritos
918 2531 955 2608 iu
981 2531 1243 2609 sollicitudinis
1274 2541 1411 2630 partem
1444 2527 1633 2633 deputauit
1663 2543 1704 2618 et
1738 2524 1846 2629 mise·

458 2641 583 2707 ranter
607 2632 643 2704 in
669 2627 890 2748 pontificalis
917 2629 1105 2730 dignitatis
1132 2629 1323 2709 Catbedra
1349 2629 1547 2707 collocauit
1573 2632 1634 2707 cui
1659 2627 1712 2706 ad
1736 2632 1846 2709 instar

458 2730 644 2828 vigilantis
669 2754 704 2804 ιιι
731 2729 886 2830 specula
912 2729 1145 2830 presidentes
1178 2731 1345 2808 locamus
1370 2731 1512 2830 vigiliis
1552 2753 1653 2808 more
1685 2730 1846 2831 pastoris

458 2838 527 2904 tarn
554 2851 755 2927 corporeos
782 2853 886 2928 quarn
912 2831 1090 2906 mentales
1116 2831 1247 2907 oculos
1286 2839 1432 2907 nostros
1465 2831 1504 2906 in
1541 2831 1723 2906 circuitu*
1732 2828 1845 2906 visuri

461 2925 549 3028 quid
574 2929 683 3026 gregi
709 2927 814 3002 nobis
841 2928 1035 3002 commisso
1061 2927 1240 3030 expediat
1264 2941 1302 3006 et
1327 2925 1415 3030 quid
1440 2929 1565 3031 operis
1589 2927 1754 3030 impendi
1779 2927 1845 3006 de·
1988 2936 1989 2943 '

374 3051 389 3060 ·
459 3019 545 3105 beat
570 3028 670 3102 cirea
693 3027 811 3127 ipsum
838 3033 877 3102 nt
901 3025 999 3100 illius
1022 3025 1105 3102 fulti
1131 3027 1296 3129 presidio
1312 3031 1420 3106 cuius
1446 3037 1648 3106 suotterre.
1670 3025 1844 3106 cardines
1955 3122 1958 3127 y

301 3201 309 3212 ,
462 3135 500 3200 ct
526 3127 587 3201 cui
612 3126 861 3220 cogitacioncs
885 3122 1064 3202 bominum
1088 3151 1157 3230 pre
1183 3141 1330 3209 arantur
1353 3139 1479 3231 partes
1501 3127 1616 3204 ollicii
1641 3129 1759 3204 nostri
1783 3152 1844 3204 sa·

461 3221 619 3301 lubriter
645 3237 681 3299 et
706 3221 843 3300 utiliter
869 3246 1096 3324 exponamus
1132 3154 1181 3302 al
1206 3250 1253 3306 ea
1289 3252 1361 3330 que
1388 3228 1505 3305 diuini
1537 3229 1658 3304 cultus
1684 3227 1847 3306 efficiunt

461 3325 745 3416 incrementum,
772 3333 809 3398 et
834 3345 882 3398 ca
907 3347 979 3423 que
1003 3337 1203 3430 propterea
1228 3352 1279 3406 ex
1303 3329 1453 3406 sincera
1478 3327 1684 3407 deuocione
1718 3325 1846 3404 subdi·

459 3435 575 3500 torum
599 3433 803 3498 nostrorum
830 3421 929 3498 faeta
954 3430 1214 3525 cognoscimus
1238 3439 1279 3504 rt
1302 3430 1428 3505 tofina
1455 3427 1620 3505 firmitate
1645 3428 1847 3504 subsistant

460 3531 586 3597 nostre
613 3521 903 3600 confirmacionis
930 3527 1122 3604 munimine
1148 3528 1360 3605 roboramus
1376 3526 1480 3606 Sane
1505 3551 1625 3630 nuper
1675 3550 1717 3603 ro
1745 3537 1847 3628 parte

461 3617 739 3696 venerabilium
764 3621 871 3697 nobis
897 3623 934 3697 iu
962 3621 1114 3701 Christo
1141 3625 1358 3706 dilectorum
1382 3625 1555 3707 Vdalrici
1580 3625 1629 3704 de
1644 3551 1847 3726 Keobberg

422 3749 424 3754 ·
460 3714 510 3794 de
536 3717 856 3821 llobenrecbberg
881 3719 1026 3800 Decani
1052 3725 1220 3803 Heinrici
1244 3727 1369 3806 Gross
1392 3727 1570 3804 francisci
1585 3727 1743 3806 licutttn
1756 3721 1846 3816 ,ca-

412 3857 418 3870 ι
459 3818 670 3894 oonicorum
705 3813 876 3898 Vdalrici
913 3823 1006 3901 volk
1042 3823 1158 3904 lenite
1197 3825 1337 3906 Urbani
1365 3827 1559 3924 Riblinger
1598 3839 1636 3904 et
1673 3823 1844 3904 Vdalrici

457 3915 563 3992 linclr
587 3914 819 3996 vicariorum
845 3923 1012 4000 ecclesie
1038 3939 1165 4003 nostre
1179 3927 1434 4028 Augustansis
1449 3925 1703 4006 Executorurn
1729 3947 1844 4028 quou-

459 4012 541 4088 dam
564 4007 729 4094 conradi
755 4017 937 4108 Sobanok
964 4023 1012 4099 de
1038 4021 1363 4104 Schenckanstain
1389 4021 1504 4104 dicte
1525 4027 1693 4105 ecclesie
1718 4037 1843 4104 nostre
1909 4097 1913 4104 .

459 4111 542 4188 dum
568 4115 712 4193 uiueret
737 4115 916 4198 Canonici
940 4121 1007 4200 luit
1028 4124 1135 4202 uobis
1171 4128 1381 4228 expositum
1407 4122 1520 4222 Quod
1544 4129 1619 4232 ipsi
1653 4125 1704 4204 ad
1729 4125 1844 4202 onni-
