<?xml version="1.0" encoding="UTF-8"?>
<!DOCTYPE html PUBLIC "-//W3C//DTD XHTML 1.0 Transitional//EN"
    "http://www.w3.org/TR/xhtml1/DTD/xhtml1-transitional.dtd">
<html xmlns="http://www.w3.org/1999/xhtml" xml:lang="en" lang="en">
 <head>
  <title>
</title>
<meta http-equiv="Content-Type" content="text/html;charset=utf-8" />
  <meta name='ocr-system' content='tesseract 3.04.00' />
  <meta name='ocr-capabilities' content='ocr_page ocr_carea ocr_par ocr_line ocrx_word'/>
</head>
<body>
  <div class='ocr_page' id='page_1' title='image "./monumentaboicae20landgoog_0364.png"; bbox 0 0 4209 5034; ppageno 0'>
   <div class='ocr_carea' id='block_1_1' title="bbox 731 469 1899 678">
    <p class='ocr_par' dir='ltr' id='par_1_1' title="bbox 731 469 1899 678">
     <span class='ocr_line' id='line_1_1' title="bbox 731 469 1899 678; baseline 0.01 -52"><span class='ocrx_word' id='word_1_1' title='bbox 731 469 1008 650; x_wconf 27' lang='lat' dir='ltr'><strong>episcopatus·</strong></span> <span class='ocrx_word' id='word_1_2' title='bbox 1032 541 1353 657; x_wconf 65' lang='lat' dir='ltr'><strong>Augustani·</strong></span> <span class='ocrx_word' id='word_1_3' title='bbox 1488 565 1515 652; x_wconf 71' lang='grc'><strong>“,</strong></span> <span class='ocrx_word' id='word_1_4' title='bbox 1610 543 1722 642; x_wconf 61' lang='lat' dir='ltr'><strong>dli?</strong></span> <span class='ocrx_word' id='word_1_5' title='bbox 1844 535 1899 678; x_wconf 64' lang='grc' dir='ltr'><strong> </strong></span> 
     </span>
    </p>
   </div>
   <div class='ocr_carea' id='block_1_2' title="bbox 338 740 1721 1157">
    <p class='ocr_par' dir='ltr' id='par_1_2' title="bbox 338 740 1721 1157">
     <span class='ocr_line' id='line_1_2' title="bbox 339 740 1719 896; baseline 0.011 -52"><span class='ocrx_word' id='word_1_6' title='bbox 339 765 584 870; x_wconf 66' lang='lat' dir='ltr'><strong>importuosa</strong></span> <span class='ocrx_word' id='word_1_7' title='bbox 605 773 725 850; x_wconf 70' lang='lat' dir='ltr'><strong>mart</strong></span> <span class='ocrx_word' id='word_1_8' title='bbox 743 773 847 852; x_wconf 59' lang='lat' dir='ltr'><strong>aaa</strong></span> <span class='ocrx_word' id='word_1_9' title='bbox 864 772 1110 894; x_wconf 61' lang='lat' dir='ltr'><strong>moeson·</strong></span> <span class='ocrx_word' id='word_1_10' title='bbox 1124 740 1362 896; x_wconf 55' lang='lat' dir='ltr'><strong>quantia</strong></span> <span class='ocrx_word' id='word_1_11' title='bbox 1376 775 1719 896; x_wconf 10' lang='lat' dir='ltr'><strong>apostatatus</strong></span> 
     </span>
     <span class='ocr_line' id='line_1_3' title="bbox 339 867 1720 997; baseline 0.006 -51"><span class='ocrx_word' id='word_1_12' title='bbox 339 879 379 946; x_wconf 87' lang='lat' dir='ltr'><strong>et</strong></span> <span class='ocrx_word' id='word_1_13' title='bbox 404 891 584 990; x_wconf 69' lang='lat' dir='ltr'><strong>pfospsre</strong></span> <span class='ocrx_word' id='word_1_14' title='bbox 602 867 832 974; x_wconf 74' lang='lat' dir='ltr'><strong>chrigcndnm</strong></span> <span class='ocrx_word' id='word_1_15' title='bbox 848 897 972 995; x_wconf 60' lang='grc' dir='ltr'><strong>ιιιιιοιι</strong></span> <span class='ocrx_word' id='word_1_16' title='bbox 989 884 1115 952; x_wconf 88' lang='lat' dir='ltr'><strong>nostre</strong></span> <span class='ocrx_word' id='word_1_17' title='bbox 1136 873 1443 995; x_wconf 74' lang='lat' dir='ltr'><strong>considerationis</strong></span> <span class='ocrx_word' id='word_1_18' title='bbox 1464 876 1623 955; x_wconf 74' lang='lat' dir='ltr'><strong>ldcnter</strong></span> <span class='ocrx_word' id='word_1_19' title='bbox 1646 899 1720 997; x_wconf 57' lang='lat' dir='ltr'><strong>exv</strong></span> 
     </span>
     <span class='ocr_line' id='line_1_4' title="bbox 338 965 1721 1157; baseline 0.009 -12"><span class='ocrx_word' id='word_1_20' title='bbox 338 965 539 1147; x_wconf 60' lang='lat' dir='ltr'><strong>‘filiii</strong></span> <span class='ocrx_word' id='word_1_21' title='bbox 558 983 615 1148; x_wconf 62' lang='grc' dir='ltr'><strong>ιῗ</strong></span> <span class='ocrx_word' id='word_1_22' title='bbox 629 971 1721 1157; x_wconf 52' lang='lat' dir='ltr'><strong>sot&#39;ttrtttlthtt‘htsuttstttit</strong></span> 
     </span>
    </p>
   </div>
   <div class='ocr_carea' id='block_1_3' title="bbox 293 1161 1875 1278">
    <p class='ocr_par' dir='ltr' id='par_1_3' title="bbox 293 1161 1875 1278">
     <span class='ocr_line' id='line_1_5' title="bbox 293 1161 1875 1278; baseline 0.007 -32"><span class='ocrx_word' id='word_1_23' title='bbox 293 1225 302 1232; x_wconf 87' lang='lat'>-</span> <span class='ocrx_word' id='word_1_24' title='bbox 338 1161 534 1247; x_wconf 72' lang='lat' dir='ltr'>decentius</span> <span class='ocrx_word' id='word_1_25' title='bbox 549 1173 761 1250; x_wconf 74' lang='lat' dir='ltr'><strong>consulatur</strong></span> <span class='ocrx_word' id='word_1_26' title='bbox 778 1197 884 1275; x_wconf 82' lang='lat' dir='ltr'><strong>opem</strong></span> <span class='ocrx_word' id='word_1_27' title='bbox 908 1184 946 1250; x_wconf 85' lang='lat' dir='ltr'><strong>ct</strong></span> <span class='ocrx_word' id='word_1_28' title='bbox 969 1195 1118 1276; x_wconf 85' lang='lat' dir='ltr'><strong>operam</strong></span> <span class='ocrx_word' id='word_1_29' title='bbox 1143 1184 1311 1275; x_wconf 85' lang='lat' dir='ltr'><strong>qnantum</strong></span> <span class='ocrx_word' id='word_1_30' title='bbox 1335 1198 1416 1253; x_wconf 75' lang='lat' dir='ltr'><strong>utro</strong></span> <span class='ocrx_word' id='word_1_31' title='bbox 1481 1198 1721 1278; x_wconf 82' lang='lat' dir='ltr'><strong>opossumna</strong></span> <span class='ocrx_word' id='word_1_32' title='bbox 1869 1197 1875 1212; x_wconf 69' lang='lat'><strong>⁴</strong></span> 
     </span>
    </p>
   </div>
   <div class='ocr_carea' id='block_1_4' title="bbox 338 1265 1723 1394">
    <p class='ocr_par' dir='ltr' id='par_1_4' title="bbox 338 1265 1723 1394">
     <span class='ocr_line' id='line_1_6' title="bbox 338 1265 1723 1394; baseline 0.006 -51"><span class='ocrx_word' id='word_1_33' title='bbox 338 1265 582 1385; x_wconf 73' lang='lat' dir='ltr'><strong>inpendimus</strong></span> <span class='ocrx_word' id='word_1_34' title='bbox 603 1272 792 1352; x_wconf 78' lang='lat' dir='ltr'><strong>efficaces.</strong></span> <span class='ocrx_word' id='word_1_35' title='bbox 841 1271 937 1352; x_wconf 78' lang='lat' dir='ltr'><strong>Oura</strong></span> <span class='ocrx_word' id='word_1_36' title='bbox 961 1275 1086 1376; x_wconf 76' lang='lat' dir='ltr'><strong>iuqna</strong></span> <span class='ocrx_word' id='word_1_37' title='bbox 1109 1271 1222 1350; x_wconf 92' lang='lat' dir='ltr'><strong>hodie</strong></span> <span class='ocrx_word' id='word_1_38' title='bbox 1258 1298 1328 1351; x_wconf 92' lang='lat' dir='ltr'><strong>nos</strong></span> <span class='ocrx_word' id='word_1_39' title='bbox 1350 1276 1390 1354; x_wconf 87' lang='lat' dir='ltr'><strong>iu</strong></span> <span class='ocrx_word' id='word_1_40' title='bbox 1422 1275 1591 1394; x_wconf 71' lang='lat' dir='ltr'><strong>generali</strong></span> <span class='ocrx_word' id='word_1_41' title='bbox 1616 1271 1723 1354; x_wconf 81' lang='lat' dir='ltr'><strong>Con-</strong></span> 
     </span>
    </p>
   </div>
   <div class='ocr_carea' id='block_1_5' title="bbox 162 1363 1721 1476">
    <p class='ocr_par' dir='ltr' id='par_1_5' title="bbox 162 1363 1721 1476">
     <span class='ocr_line' id='line_1_7' title="bbox 162 1363 1721 1476; baseline 0.006 -33"><span class='ocrx_word' id='word_1_42' title='bbox 162 1363 167 1370; x_wconf 78' lang='grc'><em>’</em></span> <span class='ocrx_word' id='word_1_43' title='bbox 337 1372 489 1444; x_wconf 68' lang='lat' dir='ltr'><strong>nauso</strong></span> <span class='ocrx_word' id='word_1_44' title='bbox 523 1369 572 1449; x_wconf 87' lang='lat' dir='ltr'><strong>de</strong></span> <span class='ocrx_word' id='word_1_45' title='bbox 605 1372 754 1450; x_wconf 83' lang='lat' dir='ltr'><strong>fratrum</strong></span> <span class='ocrx_word' id='word_1_46' title='bbox 787 1387 994 1451; x_wconf 81' lang='lat' dir='ltr'><strong>nostrorum</strong></span> <span class='ocrx_word' id='word_1_47' title='bbox 1026 1373 1183 1453; x_wconf 79' lang='lat' dir='ltr'><strong>consilio</strong></span> <span class='ocrx_word' id='word_1_48' title='bbox 1216 1385 1255 1451; x_wconf 84' lang='lat' dir='ltr'><strong>et</strong></span> <span class='ocrx_word' id='word_1_49' title='bbox 1285 1373 1490 1474; x_wconf 74' lang='lat' dir='ltr'><strong>apostolice</strong></span> <span class='ocrx_word' id='word_1_50' title='bbox 1528 1377 1721 1476; x_wconf 81' lang='lat' dir='ltr'><strong>potcstatis</strong></span> 
     </span>
    </p>
   </div>
   <div class='ocr_carea' id='block_1_6' title="bbox 337 1465 1723 3043">
    <p class='ocr_par' dir='ltr' id='par_1_6' title="bbox 338 1465 1721 1673">
     <span class='ocr_line' id='line_1_8' title="bbox 338 1465 1721 1574; baseline 0.007 -33"><span class='ocrx_word' id='word_1_51' title='bbox 338 1465 568 1564; x_wconf 89' lang='lat' dir='ltr'><strong>plenitudine</strong></span> <span class='ocrx_word' id='word_1_52' title='bbox 592 1481 630 1548; x_wconf 90' lang='lat' dir='ltr'><strong>te</strong></span> <span class='ocrx_word' id='word_1_53' title='bbox 655 1483 807 1574; x_wconf 88' lang='lat' dir='ltr'><strong>propter</strong></span> <span class='ocrx_word' id='word_1_54' title='bbox 832 1472 986 1574; x_wconf 79' lang='lat' dir='ltr'><strong>grandia</strong></span> <span class='ocrx_word' id='word_1_55' title='bbox 1011 1475 1180 1550; x_wconf 89' lang='lat' dir='ltr'><strong>uirtutum</strong></span> <span class='ocrx_word' id='word_1_56' title='bbox 1205 1474 1335 1550; x_wconf 86' lang='lat' dir='ltr'><strong>merita</strong></span> <span class='ocrx_word' id='word_1_57' title='bbox 1369 1471 1499 1574; x_wconf 81' lang='lat' dir='ltr'><strong>quihus</strong></span> <span class='ocrx_word' id='word_1_58' title='bbox 1522 1495 1721 1573; x_wconf 77' lang='lat' dir='ltr'><strong>personam</strong></span> 
     </span>
     <span class='ocr_line' id='line_1_9' title="bbox 339 1567 1721 1673; baseline 0.007 -31"><span class='ocrx_word' id='word_1_59' title='bbox 339 1574 436 1642; x_wconf 83' lang='lat' dir='ltr'><strong>tuam</strong></span> <span class='ocrx_word' id='word_1_60' title='bbox 460 1569 602 1646; x_wconf 90' lang='lat' dir='ltr'><strong>illarum</strong></span> <span class='ocrx_word' id='word_1_61' title='bbox 626 1571 795 1672; x_wconf 72' lang='lat' dir='ltr'><strong>largiter¹</strong></span> <span class='ocrx_word' id='word_1_62' title='bbox 812 1572 978 1650; x_wconf 84' lang='lat' dir='ltr'><strong>domiuus</strong></span> <span class='ocrx_word' id='word_1_63' title='bbox 1010 1573 1201 1673; x_wconf 81' lang='lat' dir='ltr'><strong>irmigniuit</strong></span> <span class='ocrx_word' id='word_1_64' title='bbox 1231 1567 1281 1648; x_wconf 89' lang='lat' dir='ltr'><strong>ad</strong></span> <span class='ocrx_word' id='word_1_65' title='bbox 1305 1567 1566 1650; x_wconf 69' lang='lat' dir='ltr'><strong>cardinalatus</strong></span> <span class='ocrx_word' id='word_1_66' title='bbox 1589 1582 1721 1650; x_wconf 61' lang='lat' dir='ltr'><strong>mium</strong></span> 
     </span>
    </p>

    <p class='ocr_par' dir='ltr' id='par_1_7' title="bbox 337 1665 1723 3043">
     <span class='ocr_line' id='line_1_10' title="bbox 409 1665 1721 1766; baseline 0.005 -22"><span class='ocrx_word' id='word_1_67' title='bbox 409 1665 479 1766; x_wconf 86' lang='lat' dir='ltr'><strong>‘ter</strong></span> <span class='ocrx_word' id='word_1_68' title='bbox 503 1681 541 1745; x_wconf 89' lang='lat' dir='ltr'><strong>et</strong></span> <span class='ocrx_word' id='word_1_69' title='bbox 570 1668 746 1749; x_wconf 83' lang='lat' dir='ltr'><strong>honorem</strong></span> <span class='ocrx_word' id='word_1_70' title='bbox 775 1670 1033 1752; x_wconf 68' lang='lat' dir='ltr'><strong>monendum</strong></span> <span class='ocrx_word' id='word_1_71' title='bbox 1064 1685 1103 1750; x_wconf 87' lang='lat' dir='ltr'><strong>et</strong></span> <span class='ocrx_word' id='word_1_72' title='bbox 1131 1673 1170 1748; x_wconf 92' lang='lat' dir='ltr'><strong>io</strong></span> <span class='ocrx_word' id='word_1_73' title='bbox 1202 1683 1333 1750; x_wconf 86' lang='lat' dir='ltr'><strong>sancta</strong></span> <span class='ocrx_word' id='word_1_74' title='bbox 1355 1671 1522 1750; x_wconf 82' lang='lat' dir='ltr'><strong>Bonane</strong></span> <span class='ocrx_word' id='word_1_75' title='bbox 1553 1672 1721 1750; x_wconf 86' lang='lat' dir='ltr'><strong>ecclesie</strong></span> 
     </span>
     <span class='ocr_line' id='line_1_11' title="bbox 338 1687 1721 1875; baseline 0.004 -32"><span class='ocrx_word' id='word_1_76' title='bbox 338 1687 576 1846; x_wconf 61' lang='lat' dir='ltr'><strong>Etnrdinalem</strong></span> <span class='ocrx_word' id='word_1_77' title='bbox 609 1767 874 1852; x_wconf 70' lang='grc' dir='ltr'><strong>ιιιιιιιίιιιιιιὶιιιιΙ</strong></span> <span class='ocrx_word' id='word_1_78' title='bbox 890 1785 929 1852; x_wconf 85' lang='lat' dir='ltr'><strong>ct</strong></span> <span class='ocrx_word' id='word_1_79' title='bbox 960 1769 1219 1875; x_wconf 81' lang='lat' dir='ltr'><strong>publicandum</strong></span> <span class='ocrx_word' id='word_1_80' title='bbox 1249 1767 1467 1850; x_wconf 83' lang='lat' dir='ltr'><strong>duxerimus</strong></span> <span class='ocrx_word' id='word_1_81' title='bbox 1499 1769 1638 1870; x_wconf 79' lang='lat' dir='ltr'><strong>tibique</strong></span> <span class='ocrx_word' id='word_1_82' title='bbox 1669 1766 1721 1848; x_wconf 88' lang='lat' dir='ltr'><strong>de</strong></span> 
     </span>
     <span class='ocr_line' id='line_1_12' title="bbox 338 1865 1721 1966; baseline 0.004 -24"><span class='ocrx_word' id='word_1_83' title='bbox 338 1869 503 1966; x_wconf 87' lang='lat' dir='ltr'><strong>proximo</strong></span> <span class='ocrx_word' id='word_1_84' title='bbox 528 1870 727 1948; x_wconf 83' lang='lat' dir='ltr'><strong>ecclesiam</strong></span> <span class='ocrx_word' id='word_1_85' title='bbox 751 1875 870 1962; x_wconf 63' lang='lat' dir='ltr'><strong>uncti</strong></span> <span class='ocrx_word' id='word_1_86' title='bbox 894 1869 1031 1952; x_wconf 71' lang='lat' dir='ltr'><strong>liitalis</strong></span> <span class='ocrx_word' id='word_1_87' title='bbox 1056 1869 1106 1950; x_wconf 88' lang='lat' dir='ltr'><strong>de</strong></span> <span class='ocrx_word' id='word_1_88' title='bbox 1131 1871 1237 1951; x_wconf 88' lang='lat' dir='ltr'><strong>Vrhe</strong></span> <span class='ocrx_word' id='word_1_89' title='bbox 1261 1873 1300 1948; x_wconf 93' lang='lat' dir='ltr'><strong>in</strong></span> <span class='ocrx_word' id='word_1_90' title='bbox 1332 1872 1473 1950; x_wconf 84' lang='lat' dir='ltr'><strong>titulum</strong></span> <span class='ocrx_word' id='word_1_91' title='bbox 1502 1872 1556 1946; x_wconf 90' lang='lat' dir='ltr'><strong>tui</strong></span> <span class='ocrx_word' id='word_1_92' title='bbox 1580 1865 1721 1948; x_wconf 85' lang='lat' dir='ltr'><strong>Cardi-</strong></span> 
     </span>
     <span class='ocr_line' id='line_1_13' title="bbox 339 1963 1722 2071; baseline 0.004 -31"><span class='ocrx_word' id='word_1_93' title='bbox 339 1963 483 2043; x_wconf 85' lang='lat' dir='ltr'><strong>nalatus</strong></span> <span class='ocrx_word' id='word_1_94' title='bbox 507 1967 711 2048; x_wconf 85' lang='lat' dir='ltr'><strong>huiusmodi</strong></span> <span class='ocrx_word' id='word_1_95' title='bbox 735 1977 928 2071; x_wconf 75' lang='lat' dir='ltr'><strong>assignare</strong></span> <span class='ocrx_word' id='word_1_96' title='bbox 952 1969 1199 2067; x_wconf 75' lang='lat' dir='ltr'><strong>intendamus,</strong></span> <span class='ocrx_word' id='word_1_97' title='bbox 1221 1969 1309 2048; x_wconf 85' lang='lat' dir='ltr'><strong>Nos</strong></span> <span class='ocrx_word' id='word_1_98' title='bbox 1332 1994 1382 2048; x_wconf 89' lang='lat' dir='ltr'><strong>ne</strong></span> <span class='ocrx_word' id='word_1_99' title='bbox 1406 1971 1453 2048; x_wconf 88' lang='lat' dir='ltr'><strong>ah</strong></span> <span class='ocrx_word' id='word_1_100' title='bbox 1476 1969 1660 2070; x_wconf 86' lang='lat' dir='ltr'><strong>aliquibus</strong></span> <span class='ocrx_word' id='word_1_101' title='bbox 1683 1971 1722 2046; x_wconf 89' lang='lat' dir='ltr'><strong>iu</strong></span> 
     </span>
     <span class='ocr_line' id='line_1_14' title="bbox 338 2059 1719 2178; baseline 0.003 -36"><span class='ocrx_word' id='word_1_102' title='bbox 338 2059 487 2144; x_wconf 76' lang='lat' dir='ltr'><strong>muium</strong></span> <span class='ocrx_word' id='word_1_103' title='bbox 512 2072 764 2173; x_wconf 62' lang='lat' dir='ltr'><strong>uerti‘possit,</strong></span> <span class='ocrx_word' id='word_1_104' title='bbox 786 2097 835 2150; x_wconf 85' lang='lat' dir='ltr'><strong>an</strong></span> <span class='ocrx_word' id='word_1_105' title='bbox 860 2084 1011 2178; x_wconf 88' lang='lat' dir='ltr'><strong>propter</strong></span> <span class='ocrx_word' id='word_1_106' title='bbox 1035 2072 1109 2150; x_wconf 89' lang='lat' dir='ltr'><strong>hoc</strong></span> <span class='ocrx_word' id='word_1_107' title='bbox 1122 2097 1170 2149; x_wconf 85' lang='lat' dir='ltr'><strong>ac</strong></span> <span class='ocrx_word' id='word_1_108' title='bbox 1186 2081 1285 2148; x_wconf 91' lang='lat' dir='ltr'><strong>tuum</strong></span> <span class='ocrx_word' id='word_1_109' title='bbox 1306 2070 1471 2173; x_wconf 85' lang='lat' dir='ltr'><strong>desuper</strong></span> <span class='ocrx_word' id='word_1_110' title='bbox 1484 2067 1719 2169; x_wconf 83' lang='lat' dir='ltr'><strong>prestandum</strong></span> 
     </span>
     <span class='ocr_line' id='line_1_15' title="bbox 337 2168 1721 2275; baseline 0.001 -32"><span class='ocrx_word' id='word_1_111' title='bbox 337 2187 533 2243; x_wconf 76' lang='lat' dir='ltr'><strong>asseram</strong></span> <span class='ocrx_word' id='word_1_112' title='bbox 557 2177 595 2246; x_wconf 92' lang='lat' dir='ltr'><strong>te</strong></span> <span class='ocrx_word' id='word_1_113' title='bbox 620 2196 643 2247; x_wconf 90' lang='lat' dir='ltr'><strong>a</strong></span> <span class='ocrx_word' id='word_1_114' title='bbox 666 2173 816 2250; x_wconf 77' lang='lat' dir='ltr'><strong>vinculo</strong></span> <span class='ocrx_word' id='word_1_115' title='bbox 843 2197 914 2274; x_wconf 86' lang='lat' dir='ltr'><strong>quo</strong></span> <span class='ocrx_word' id='word_1_116' title='bbox 938 2173 1125 2252; x_wconf 81' lang='lat' dir='ltr'><strong>tenebaris</strong></span> <span class='ocrx_word' id='word_1_117' title='bbox 1150 2183 1257 2275; x_wconf 89' lang='lat' dir='ltr'><strong>prout</strong></span> <span class='ocrx_word' id='word_1_118' title='bbox 1273 2173 1381 2247; x_wconf 78' lang='lat' dir='ltr'><strong>edam</strong></span> <span class='ocrx_word' id='word_1_119' title='bbox 1395 2171 1537 2249; x_wconf 77' lang='lat' dir='ltr'><strong>teneda</strong></span> <span class='ocrx_word' id='word_1_120' title='bbox 1550 2168 1721 2268; x_wconf 77' lang='lat' dir='ltr'><strong>August-</strong></span> 
     </span>
     <span class='ocr_line' id='line_1_16' title="bbox 339 2265 1721 2373; baseline 0.004 -34"><span class='ocrx_word' id='word_1_121' title='bbox 339 2267 443 2340; x_wconf 87' lang='lat' dir='ltr'><strong>ensis</strong></span> <span class='ocrx_word' id='word_1_122' title='bbox 468 2267 635 2346; x_wconf 82' lang='lat' dir='ltr'><strong>ecclesie</strong></span> <span class='ocrx_word' id='word_1_123' title='bbox 668 2273 730 2348; x_wconf 92' lang='lat' dir='ltr'><strong>cui</strong></span> <span class='ocrx_word' id='word_1_124' title='bbox 763 2283 857 2350; x_wconf 85' lang='lat' dir='ltr'><strong>tuuc</strong></span> <span class='ocrx_word' id='word_1_125' title='bbox 908 2295 1034 2350; x_wconf 85' lang='lat' dir='ltr'><strong>rceras</strong></span> <span class='ocrx_word' id='word_1_126' title='bbox 1065 2283 1174 2373; x_wconf 90' lang='lat' dir='ltr'><strong>prout</strong></span> <span class='ocrx_word' id='word_1_127' title='bbox 1204 2272 1312 2347; x_wconf 88' lang='lat' dir='ltr'><strong>ctiam</strong></span> <span class='ocrx_word' id='word_1_128' title='bbox 1342 2291 1478 2371; x_wconf 84' lang='lat' dir='ltr'><strong>presse</strong></span> <span class='ocrx_word' id='word_1_129' title='bbox 1512 2265 1721 2344; x_wconf 84' lang='lat' dir='ltr'><strong>dinosceris</strong></span> 
     </span>
     <span class='ocr_line' id='line_1_17' title="bbox 339 2299 1722 2450; baseline 0.001 -10"><span class='ocrx_word' id='word_1_130' title='bbox 339 2363 484 2442; x_wconf 82' lang='lat' dir='ltr'><strong>absolui</strong></span> <span class='ocrx_word' id='word_1_131' title='bbox 509 2368 733 2447; x_wconf 84' lang='lat' dir='ltr'><strong>uoluerimus</strong></span> <span class='ocrx_word' id='word_1_132' title='bbox 758 2393 806 2448; x_wconf 85' lang='lat' dir='ltr'><strong>ac</strong></span> <span class='ocrx_word' id='word_1_133' title='bbox 830 2299 987 2450; x_wconf 73' lang='lat' dir='ltr'><strong>uelimus</strong></span> <span class='ocrx_word' id='word_1_134' title='bbox 1010 2370 1059 2448; x_wconf 84' lang='lat' dir='ltr'><strong>ad</strong></span> <span class='ocrx_word' id='word_1_135' title='bbox 1097 2364 1307 2446; x_wconf 83' lang='lat' dir='ltr'><strong>huiusmodi</strong></span> <span class='ocrx_word' id='word_1_136' title='bbox 1329 2367 1628 2444; x_wconf 80' lang='lat' dir='ltr'><strong>summouendum</strong></span> <span class='ocrx_word' id='word_1_137' title='bbox 1650 2362 1722 2442; x_wconf 93' lang='lat' dir='ltr'><strong>du·</strong></span> 
     </span>
     <span class='ocr_line' id='line_1_18' title="bbox 338 2461 1723 2570; baseline 0.001 -32"><span class='ocrx_word' id='word_1_138' title='bbox 338 2461 447 2557; x_wconf 65' lang='lat' dir='ltr'><strong>laium</strong></span> <span class='ocrx_word' id='word_1_139' title='bbox 471 2475 567 2542; x_wconf 88' lang='lat' dir='ltr'><strong>motu</strong></span> <span class='ocrx_word' id='word_1_140' title='bbox 592 2471 742 2570; x_wconf 90' lang='lat' dir='ltr'><strong>proprio</strong></span> <span class='ocrx_word' id='word_1_141' title='bbox 768 2493 841 2547; x_wconf 90' lang='lat' dir='ltr'><strong>non</strong></span> <span class='ocrx_word' id='word_1_142' title='bbox 865 2469 914 2546; x_wconf 90' lang='lat' dir='ltr'><strong>ad</strong></span> <span class='ocrx_word' id='word_1_143' title='bbox 938 2483 1033 2546; x_wconf 86' lang='lat' dir='ltr'><strong>tuam</strong></span> <span class='ocrx_word' id='word_1_144' title='bbox 1057 2469 1121 2546; x_wconf 85' lang='lat' dir='ltr'><strong>uel</strong></span> <span class='ocrx_word' id='word_1_145' title='bbox 1145 2469 1300 2544; x_wconf 86' lang='lat' dir='ltr'><strong>alterius</strong></span> <span class='ocrx_word' id='word_1_146' title='bbox 1322 2489 1392 2569; x_wconf 89' lang='lat' dir='ltr'><strong>pro</strong></span> <span class='ocrx_word' id='word_1_147' title='bbox 1415 2479 1453 2542; x_wconf 87' lang='lat' dir='ltr'><strong>tc</strong></span> <span class='ocrx_word' id='word_1_148' title='bbox 1474 2465 1582 2542; x_wconf 85' lang='lat' dir='ltr'><strong>nohis</strong></span> <span class='ocrx_word' id='word_1_149' title='bbox 1606 2464 1723 2564; x_wconf 73' lang='lat' dir='ltr'><strong>anper</strong></span> 
     </span>
     <span class='ocr_line' id='line_1_19' title="bbox 338 2560 1722 2668; baseline 0.003 -32"><span class='ocrx_word' id='word_1_150' title='bbox 338 2560 414 2639; x_wconf 90' lang='lat' dir='ltr'><strong>hoo</strong></span> <span class='ocrx_word' id='word_1_151' title='bbox 437 2564 559 2643; x_wconf 82' lang='lat' dir='ltr'><strong>oblate</strong></span> <span class='ocrx_word' id='word_1_152' title='bbox 590 2569 776 2668; x_wconf 86' lang='lat' dir='ltr'><strong>petitionis</strong></span> <span class='ocrx_word' id='word_1_153' title='bbox 807 2571 1010 2646; x_wconf 69' lang='lat' dir='ltr'><strong>instantiam</strong></span> <span class='ocrx_word' id='word_1_154' title='bbox 1042 2566 1116 2644; x_wconf 87' lang='lat' dir='ltr'><strong>sed</strong></span> <span class='ocrx_word' id='word_1_155' title='bbox 1139 2567 1190 2642; x_wconf 86' lang='lat' dir='ltr'><strong>de</strong></span> <span class='ocrx_word' id='word_1_156' title='bbox 1213 2576 1341 2640; x_wconf 87' lang='lat' dir='ltr'><strong>nostra</strong></span> <span class='ocrx_word' id='word_1_157' title='bbox 1371 2586 1471 2640; x_wconf 83' lang='lat' dir='ltr'><strong>mara</strong></span> <span class='ocrx_word' id='word_1_158' title='bbox 1500 2563 1722 2640; x_wconf 78' lang='lat' dir='ltr'><strong>liberalitate</strong></span> 
     </span>
     <span class='ocr_line' id='line_1_20' title="bbox 341 2659 1721 2770; baseline 0.001 -34"><span class='ocrx_word' id='word_1_159' title='bbox 341 2660 571 2741; x_wconf 75' lang='lat' dir='ltr'><strong>declaramus</strong></span> <span class='ocrx_word' id='word_1_160' title='bbox 594 2679 759 2770; x_wconf 89' lang='lat' dir='ltr'><strong>tempora</strong></span> <span class='ocrx_word' id='word_1_161' title='bbox 783 2668 1042 2770; x_wconf 68' lang='lat' dir='ltr'><strong>assumptionis</strong></span> <span class='ocrx_word' id='word_1_162' title='bbox 1065 2687 1115 2743; x_wconf 88' lang='lat' dir='ltr'><strong>ac</strong></span> <span class='ocrx_word' id='word_1_163' title='bbox 1136 2664 1389 2744; x_wconf 67' lang='lat' dir='ltr'><strong>nominationis</strong></span> <span class='ocrx_word' id='word_1_164' title='bbox 1412 2671 1450 2738; x_wconf 91' lang='lat' dir='ltr'><strong>ct</strong></span> <span class='ocrx_word' id='word_1_165' title='bbox 1462 2659 1721 2764; x_wconf 81' lang='lat' dir='ltr'><strong>publicationis</strong></span> 
     </span>
     <span class='ocr_line' id='line_1_21' title="bbox 339 2757 1720 2864; baseline 0.004 -30"><span class='ocrx_word' id='word_1_166' title='bbox 339 2757 558 2858; x_wconf 89' lang='lat' dir='ltr'><strong>huiusmodi,</strong></span> <span class='ocrx_word' id='word_1_167' title='bbox 584 2777 709 2842; x_wconf 87' lang='lat' dir='ltr'><strong>nostre</strong></span> <span class='ocrx_word' id='word_1_168' title='bbox 734 2768 943 2844; x_wconf 84' lang='lat' dir='ltr'><strong>intentionis</strong></span> <span class='ocrx_word' id='word_1_169' title='bbox 967 2766 1090 2844; x_wconf 85' lang='lat' dir='ltr'><strong>inisse</strong></span> <span class='ocrx_word' id='word_1_170' title='bbox 1122 2776 1162 2842; x_wconf 89' lang='lat' dir='ltr'><strong>et</strong></span> <span class='ocrx_word' id='word_1_171' title='bbox 1183 2761 1308 2840; x_wconf 87' lang='lat' dir='ltr'><strong>adhue</strong></span> <span class='ocrx_word' id='word_1_172' title='bbox 1340 2785 1432 2840; x_wconf 80' lang='lat' dir='ltr'><strong>esse</strong></span> <span class='ocrx_word' id='word_1_173' title='bbox 1456 2770 1610 2864; x_wconf 80' lang='lat' dir='ltr'><strong>propter</strong></span> <span class='ocrx_word' id='word_1_174' title='bbox 1625 2771 1720 2864; x_wconf 74' lang='lat' dir='ltr'><strong>&#39;pre-</strong></span> 
     </span>
     <span class='ocr_line' id='line_1_22' title="bbox 340 2862 1722 2968; baseline 0.003 -34"><span class='ocrx_word' id='word_1_175' title='bbox 340 2863 454 2936; x_wconf 86' lang='lat' dir='ltr'><strong>missa</strong></span> <span class='ocrx_word' id='word_1_176' title='bbox 476 2875 514 2940; x_wconf 83' lang='lat' dir='ltr'><strong>ts</strong></span> <span class='ocrx_word' id='word_1_177' title='bbox 539 2889 562 2938; x_wconf 90' lang='lat' dir='ltr'><strong>a</strong></span> <span class='ocrx_word' id='word_1_178' title='bbox 588 2867 736 2942; x_wconf 89' lang='lat' dir='ltr'><strong>uinculo</strong></span> <span class='ocrx_word' id='word_1_179' title='bbox 760 2864 929 2968; x_wconf 88' lang='lat' dir='ltr'><strong>predicto</strong></span> <span class='ocrx_word' id='word_1_180' title='bbox 947 2865 1092 2942; x_wconf 85' lang='lat' dir='ltr'><strong>minimo</strong></span> <span class='ocrx_word' id='word_1_181' title='bbox 1104 2863 1261 2956; x_wconf 80' lang='lat' dir='ltr'><strong>absolui,</strong></span> <span class='ocrx_word' id='word_1_182' title='bbox 1285 2881 1409 2964; x_wconf 81' lang='lat' dir='ltr'><strong>neque</strong></span> <span class='ocrx_word' id='word_1_183' title='bbox 1420 2863 1537 2964; x_wconf 81' lang='lat' dir='ltr'><strong>ipsam</strong></span> <span class='ocrx_word' id='word_1_184' title='bbox 1551 2862 1722 2962; x_wconf 71' lang='lat' dir='ltr'><strong>August-</strong></span> 
     </span>
     <span class='ocr_line' id='line_1_23' title="bbox 340 2957 1722 3043; baseline 0.001 -9"><span class='ocrx_word' id='word_1_185' title='bbox 340 2981 468 3037; x_wconf 86' lang='lat' dir='ltr'><strong>ensem</strong></span> <span class='ocrx_word' id='word_1_186' title='bbox 510 2962 708 3040; x_wconf 84' lang='lat' dir='ltr'><strong>ecclesiam</strong></span> <span class='ocrx_word' id='word_1_187' title='bbox 742 2987 879 3042; x_wconf 83' lang='lat' dir='ltr'><strong>uacare</strong></span> <span class='ocrx_word' id='word_1_188' title='bbox 917 2965 1082 3043; x_wconf 64' lang='lat' dir='ltr'><strong>uolasse</strong></span> <span class='ocrx_word' id='word_1_189' title='bbox 1118 2958 1181 3040; x_wconf 82' lang='lat' dir='ltr'><strong>adt</strong></span> <span class='ocrx_word' id='word_1_190' title='bbox 1219 2961 1331 3038; x_wconf 82' lang='lat' dir='ltr'><strong>uella</strong></span> <span class='ocrx_word' id='word_1_191' title='bbox 1378 2960 1429 3038; x_wconf 77' lang='lat' dir='ltr'><strong>Et</strong></span> <span class='ocrx_word' id='word_1_192' title='bbox 1468 2957 1722 3036; x_wconf 77' lang='lat' dir='ltr'><strong>nichilominus</strong></span> 
     </span>
    </p>
   </div>
   <div class='ocr_carea' id='block_1_7' title="bbox 339 3041 1993 3165">
    <p class='ocr_par' dir='ltr' id='par_1_8' title="bbox 339 3041 1993 3165">
     <span class='ocr_line' id='line_1_24' title="bbox 339 3041 1993 3165; baseline -0.002 -29"><span class='ocrx_word' id='word_1_193' title='bbox 339 3059 573 3139; x_wconf 80' lang='lat' dir='ltr'><strong>attendentes</strong></span> <span class='ocrx_word' id='word_1_194' title='bbox 588 3063 800 3165; x_wconf 89' lang='lat' dir='ltr'><strong>multiplicia</strong></span> <span class='ocrx_word' id='word_1_195' title='bbox 815 3068 1012 3165; x_wconf 75' lang='lat' dir='ltr'><strong>gratiarnm</strong></span> <span class='ocrx_word' id='word_1_196' title='bbox 1025 3063 1323 3163; x_wconf 83' lang='lat' dir='ltr'><strong>moneraqnihua</strong></span> <span class='ocrx_word' id='word_1_197' title='bbox 1343 3064 1452 3138; x_wconf 86' lang='lat' dir='ltr'><strong>etiam</strong></span> <span class='ocrx_word' id='word_1_198' title='bbox 1474 3059 1720 3147; x_wconf 74' lang='lat' dir='ltr'><strong>circumfultus</strong></span> <span class='ocrx_word' id='word_1_199' title='bbox 1859 3126 1864 3134; x_wconf 62' lang='lat'><em>„</em></span> <span class='ocrx_word' id='word_1_200' title='bbox 1983 3041 1993 3052; x_wconf 48' lang='lat'>⁸</span> 
     </span>
    </p>
   </div>
   <div class='ocr_carea' id='block_1_8' title="bbox 339 3157 1722 3660">
    <p class='ocr_par' dir='ltr' id='par_1_9' title="bbox 339 3157 1722 3660">
     <span class='ocr_line' id='line_1_25' title="bbox 342 3157 1722 3266; baseline 0 -32"><span class='ocrx_word' id='word_1_201' title='bbox 342 3161 493 3252; x_wconf 83' lang='lat' dir='ltr'><strong>existis,</strong></span> <span class='ocrx_word' id='word_1_202' title='bbox 533 3171 571 3238; x_wconf 88' lang='lat' dir='ltr'><strong>et</strong></span> <span class='ocrx_word' id='word_1_203' title='bbox 595 3162 692 3261; x_wconf 68' lang='lat' dir='ltr'><strong>duod</strong></span> <span class='ocrx_word' id='word_1_204' title='bbox 727 3177 766 3239; x_wconf 88' lang='lat' dir='ltr'><strong>tu</strong></span> <span class='ocrx_word' id='word_1_205' title='bbox 790 3167 851 3266; x_wconf 89' lang='lat' dir='ltr'><strong>qui</strong></span> <span class='ocrx_word' id='word_1_206' title='bbox 883 3163 1066 3241; x_wconf 85' lang='lat' dir='ltr'><strong>hactenus</strong></span> <span class='ocrx_word' id='word_1_207' title='bbox 1097 3161 1244 3265; x_wconf 81' lang='lat' dir='ltr'><strong>prelata</strong></span> <span class='ocrx_word' id='word_1_208' title='bbox 1264 3161 1520 3259; x_wconf 74' lang='lat' dir='ltr'><strong>Augusteoais</strong></span> <span class='ocrx_word' id='word_1_209' title='bbox 1553 3157 1722 3236; x_wconf 85' lang='lat' dir='ltr'><strong>ecclesie</strong></span> 
     </span>
     <span class='ocr_line' id='line_1_26' title="bbox 339 3255 1722 3362; baseline 0.002 -29"><span class='ocrx_word' id='word_1_210' title='bbox 339 3257 575 3337; x_wconf 83' lang='lat' dir='ltr'><strong>laudabiliter</strong></span> <span class='ocrx_word' id='word_1_211' title='bbox 597 3262 768 3362; x_wconf 81' lang='lat' dir='ltr'><strong>profuisti</strong></span> <span class='ocrx_word' id='word_1_212' title='bbox 793 3267 902 3340; x_wconf 88' lang='lat' dir='ltr'><strong>etiam</strong></span> <span class='ocrx_word' id='word_1_213' title='bbox 920 3267 959 3338; x_wconf 91' lang='lat' dir='ltr'><strong>in</strong></span> <span class='ocrx_word' id='word_1_214' title='bbox 978 3262 1186 3339; x_wconf 90' lang='lat' dir='ltr'><strong>huiusmodi</strong></span> <span class='ocrx_word' id='word_1_215' title='bbox 1201 3255 1462 3336; x_wconf 70' lang='lat' dir='ltr'><strong>cardinalatus</strong></span> <span class='ocrx_word' id='word_1_216' title='bbox 1476 3257 1618 3334; x_wconf 88' lang='lat' dir='ltr'><strong>honore</strong></span> <span class='ocrx_word' id='word_1_217' title='bbox 1629 3277 1722 3336; x_wconf 83' lang='lat' dir='ltr'><strong>con·</strong></span> 
     </span>
     <span class='ocr_line' id='line_1_27' title="bbox 341 3355 1722 3463; baseline -0.001 -29"><span class='ocrx_word' id='word_1_218' title='bbox 341 3361 501 3452; x_wconf 87' lang='lat' dir='ltr'><strong>stitutus,</strong></span> <span class='ocrx_word' id='word_1_219' title='bbox 524 3361 624 3436; x_wconf 87' lang='lat' dir='ltr'><strong>illam</strong></span> <span class='ocrx_word' id='word_1_220' title='bbox 647 3360 804 3436; x_wconf 86' lang='lat' dir='ltr'><strong>ulterius</strong></span> <span class='ocrx_word' id='word_1_221' title='bbox 829 3366 931 3440; x_wconf 87' lang='lat' dir='ltr'><strong>scies</strong></span> <span class='ocrx_word' id='word_1_222' title='bbox 955 3373 992 3438; x_wconf 89' lang='lat' dir='ltr'><strong>et</strong></span> <span class='ocrx_word' id='word_1_223' title='bbox 1016 3363 1157 3463; x_wconf 87' lang='lat' dir='ltr'><strong>poteris</strong></span> <span class='ocrx_word' id='word_1_224' title='bbox 1181 3370 1334 3436; x_wconf 69' lang='lat' dir='ltr'><strong>anetus</strong></span> <span class='ocrx_word' id='word_1_225' title='bbox 1356 3355 1722 3434; x_wconf 81' lang='lat' dir='ltr'><strong>domiuosalohriter</strong></span> 
     </span>
     <span class='ocr_line' id='line_1_28' title="bbox 342 3457 1721 3660; baseline -0.005 -26"><span class='ocrx_word' id='word_1_226' title='bbox 342 3457 1721 3660; x_wconf 60' lang='lat' dir='ltr'><strong>tutti‘oltttttttltttt‘tt“tt⁰}1tt„ttt⁰„tttutttts</strong></span> 
     </span>
    </p>
   </div>
   <div class='ocr_carea' id='block_1_9' title="bbox 343 3653 1872 3759">
    <p class='ocr_par' dir='ltr' id='par_1_10' title="bbox 343 3653 1872 3759">
     <span class='ocr_line' id='line_1_29' title="bbox 343 3653 1872 3759; baseline -0.001 -28"><span class='ocrx_word' id='word_1_227' title='bbox 343 3655 437 3731; x_wconf 87' lang='lat' dir='ltr'><strong>modi</strong></span> <span class='ocrx_word' id='word_1_228' title='bbox 453 3659 642 3733; x_wconf 80' lang='lat' dir='ltr'><strong>statuimus</strong></span> <span class='ocrx_word' id='word_1_229' title='bbox 665 3671 703 3735; x_wconf 91' lang='lat' dir='ltr'><strong>et</strong></span> <span class='ocrx_word' id='word_1_230' title='bbox 726 3659 935 3736; x_wconf 82' lang='lat' dir='ltr'><strong>ordinamus</strong></span> <span class='ocrx_word' id='word_1_231' title='bbox 950 3660 1086 3759; x_wconf 86' lang='lat' dir='ltr'><strong>tibique</strong></span> <span class='ocrx_word' id='word_1_232' title='bbox 1101 3654 1339 3750; x_wconf 78' lang='lat' dir='ltr'><strong>concedimus</strong></span> <span class='ocrx_word' id='word_1_233' title='bbox 1359 3679 1406 3732; x_wconf 87' lang='lat' dir='ltr'><strong>ac</strong></span> <span class='ocrx_word' id='word_1_234' title='bbox 1421 3667 1540 3732; x_wconf 88' lang='lat' dir='ltr'><strong>tecum</strong></span> <span class='ocrx_word' id='word_1_235' title='bbox 1555 3653 1722 3756; x_wconf 89' lang='lat' dir='ltr'><strong>plenarie</strong></span> <span class='ocrx_word' id='word_1_236' title='bbox 1870 3673 1872 3676; x_wconf 64' lang='lat'>‘</span> 
     </span>
    </p>
   </div>
   <div class='ocr_carea' id='block_1_10' title="bbox 342 3753 1831 4260">
    <p class='ocr_par' dir='ltr' id='par_1_11' title="bbox 342 3753 1831 4260">
     <span class='ocr_line' id='line_1_30' title="bbox 343 3753 1723 3864; baseline -0.003 -32"><span class='ocrx_word' id='word_1_237' title='bbox 343 3755 610 3858; x_wconf 73' lang='lat' dir='ltr'><strong>dispensamus,</strong></span> <span class='ocrx_word' id='word_1_238' title='bbox 635 3769 674 3832; x_wconf 90' lang='lat' dir='ltr'><strong>ut</strong></span> <span class='ocrx_word' id='word_1_239' title='bbox 699 3761 805 3835; x_wconf 86' lang='lat' dir='ltr'><strong>ctiam</strong></span> <span class='ocrx_word' id='word_1_240' title='bbox 827 3773 1017 3861; x_wconf 87' lang='lat' dir='ltr'><strong>postquam</strong></span> <span class='ocrx_word' id='word_1_241' title='bbox 1041 3757 1278 3864; x_wconf 81' lang='lat' dir='ltr'><strong>assumptioni</strong></span> <span class='ocrx_word' id='word_1_242' title='bbox 1313 3755 1541 3833; x_wconf 85' lang='lat' dir='ltr'><strong>nominationi</strong></span> <span class='ocrx_word' id='word_1_243' title='bbox 1566 3766 1604 3830; x_wconf 88' lang='lat' dir='ltr'><strong>ct</strong></span> <span class='ocrx_word' id='word_1_244' title='bbox 1628 3753 1723 3855; x_wconf 91' lang='lat' dir='ltr'><strong>puh-</strong></span> 
     </span>
     <span class='ocr_line' id='line_1_31' title="bbox 342 3853 1722 3956; baseline -0.002 -26"><span class='ocrx_word' id='word_1_245' title='bbox 342 3855 503 3932; x_wconf 90' lang='lat' dir='ltr'><strong>licatioui</strong></span> <span class='ocrx_word' id='word_1_246' title='bbox 536 3879 729 3932; x_wconf 81' lang='lat' dir='ltr'><strong>assensum</strong></span> <span class='ocrx_word' id='word_1_247' title='bbox 761 3858 967 3935; x_wconf 89' lang='lat' dir='ltr'><strong>huiusmodi</strong></span> <span class='ocrx_word' id='word_1_248' title='bbox 1026 3859 1195 3935; x_wconf 86' lang='lat' dir='ltr'><strong>rehucris</strong></span> <span class='ocrx_word' id='word_1_249' title='bbox 1227 3877 1275 3932; x_wconf 87' lang='lat' dir='ltr'><strong>ac</strong></span> <span class='ocrx_word' id='word_1_250' title='bbox 1310 3853 1488 3956; x_wconf 81' lang='lat' dir='ltr'><strong>prefatam</strong></span> <span class='ocrx_word' id='word_1_251' title='bbox 1524 3853 1722 3948; x_wconf 85' lang='lat' dir='ltr'><strong>eeclesiam</strong></span> 
     </span>
     <span class='ocr_line' id='line_1_32' title="bbox 344 3883 1723 4072; baseline -0.004 -42"><span class='ocrx_word' id='word_1_252' title='bbox 344 3953 460 4030; x_wconf 85' lang='lat' dir='ltr'><strong>saucii</strong></span> <span class='ocrx_word' id='word_1_253' title='bbox 495 3954 630 4032; x_wconf 84' lang='lat' dir='ltr'><strong>Vitalis</strong></span> <span class='ocrx_word' id='word_1_254' title='bbox 669 3959 706 4031; x_wconf 89' lang='lat' dir='ltr'><strong>in</strong></span> <span class='ocrx_word' id='word_1_255' title='bbox 739 3959 878 4034; x_wconf 89' lang='lat' dir='ltr'><strong>titulum</strong></span> <span class='ocrx_word' id='word_1_256' title='bbox 914 3883 1119 4062; x_wconf 64' lang='lat' dir='ltr'><strong>predatus</strong></span> <span class='ocrx_word' id='word_1_257' title='bbox 1153 3955 1329 4032; x_wconf 82' lang='lat' dir='ltr'><strong>habueris</strong></span> <span class='ocrx_word' id='word_1_258' title='bbox 1363 3967 1473 4055; x_wconf 87' lang='lat' dir='ltr'><strong>atque</strong></span> <span class='ocrx_word' id='word_1_259' title='bbox 1504 3952 1723 4072; x_wconf 74' lang='lat' dir='ltr'><strong>susceperis</strong></span> 
     </span>
     <span class='ocr_line' id='line_1_33' title="bbox 346 4049 1722 4144; baseline -0.003 -14"><span class='ocrx_word' id='word_1_260' title='bbox 346 4055 452 4132; x_wconf 88' lang='lat' dir='ltr'><strong>etiam</strong></span> <span class='ocrx_word' id='word_1_261' title='bbox 478 4049 691 4131; x_wconf 75' lang='lat' dir='ltr'><strong>cardinalia</strong></span> <span class='ocrx_word' id='word_1_262' title='bbox 718 4059 885 4134; x_wconf 86' lang='lat' dir='ltr'><strong>existens</strong></span> <span class='ocrx_word' id='word_1_263' title='bbox 917 4069 954 4135; x_wconf 85' lang='lat' dir='ltr'><strong>et</strong></span> <span class='ocrx_word' id='word_1_264' title='bbox 987 4057 1189 4136; x_wconf 86' lang='lat' dir='ltr'><strong>ecelesiam</strong></span> <span class='ocrx_word' id='word_1_265' title='bbox 1218 4056 1337 4132; x_wconf 85' lang='lat' dir='ltr'><strong>sancti</strong></span> <span class='ocrx_word' id='word_1_266' title='bbox 1360 4053 1497 4130; x_wconf 78' lang='lat' dir='ltr'><strong>vitalis</strong></span> <span class='ocrx_word' id='word_1_267' title='bbox 1520 4055 1560 4144; x_wconf 80' lang='lat' dir='ltr'><strong>iu</strong></span> <span class='ocrx_word' id='word_1_268' title='bbox 1582 4049 1722 4129; x_wconf 80' lang='lat' dir='ltr'><strong>uturum</strong></span> 
     </span>
     <span class='ocr_line' id='line_1_34' title="bbox 343 4151 1831 4260; baseline -0.001 -32"><span class='ocrx_word' id='word_1_269' title='bbox 343 4151 548 4232; x_wconf 88' lang='lat' dir='ltr'><strong>huiusmodi</strong></span> <span class='ocrx_word' id='word_1_270' title='bbox 586 4155 755 4234; x_wconf 84' lang='lat' dir='ltr'><strong>obtinens</strong></span> <span class='ocrx_word' id='word_1_271' title='bbox 789 4157 1044 4259; x_wconf 80' lang='lat' dir='ltr'><strong>Augusterrsis</strong></span> <span class='ocrx_word' id='word_1_272' title='bbox 1075 4157 1291 4260; x_wconf 78' lang='lat' dir='ltr'><strong>Episcopus</strong></span> <span class='ocrx_word' id='word_1_273' title='bbox 1330 4176 1521 4232; x_wconf 87' lang='lat' dir='ltr'><strong>remaneas</strong></span> <span class='ocrx_word' id='word_1_274' title='bbox 1557 4165 1594 4229; x_wconf 88' lang='lat' dir='ltr'><strong>et</strong></span> <span class='ocrx_word' id='word_1_275' title='bbox 1633 4171 1722 4227; x_wconf 86' lang='lat' dir='ltr'><strong>esse</strong></span> <span class='ocrx_word' id='word_1_276' title='bbox 1821 4223 1831 4240; x_wconf 44' lang='lat' dir='ltr'><em>s</em></span> 
     </span>
    </p>
   </div>
   <div class='ocr_carea' id='block_1_11' title="bbox 0 0 2115 5034">
    <p class='ocr_par' dir='ltr' id='par_1_12' title="bbox 0 0 2115 5034">
     <span class='ocr_line' id='line_1_35' title="bbox 0 0 2115 5034; baseline 0 0"><span class='ocrx_word' id='word_1_277' title='bbox 0 0 2115 5034; x_wconf 95' lang='lat' dir='ltr'><strong> </strong></span> 
     </span>
    </p>
   </div>
  </div>
 </body>
</html>
