4209 5034
772 522 1045 679 episcopatur
1070 567 1328 709 Augmlni
1637 572 1745 667 439

206 838 214 847 ·
356 797 639 923 quomodolibet·
658 800 709 880 eit
744 824 962 905 processum
991 792 1232 977 qnesqqridem
1269 798 1414 921 litterqs
1447 822 1495 881 oo
1531 826 1736 908 prooeesns

351 924 421 1006 per
446 902 543 980 ullus-
556 900 700 979 habitos
726 913 763 980 et
784 900 978 981 bobendon
1011 898 1061 979 nd
1125 913 1218 979 etum
1243 900 1441 979 eoelesrom
1464 900 1636 985 uolumus
1660 932 1735 991 uon

349 1000 504 1080 extendi
529 1000 602 1078 sed
627 1002 762 1079 nullum
796 1026 869 1121 per
894 1002 968 1082 boo
990 1004 1062 1079 eis·
1075 997 1198 1103 quood
1222 1002 1503 1079 nseeouoionem
1527 1004 1733 1087 benolioio-

346 1124 424 1179 rum
448 1102 600 1179 oliorum
623 1100 866 1201 preiudiornm
889 1102 1064 1203 generari
1095 1114 1134 1179 et
1163 1098 1388 1203 quibuslibet
1409 1102 1495 1180 eliis
1516 1105 1654 1205 priuiie
1682 1108 1706 1129 ‘⁹
1790 1150 1796 1158 ·
1900 1144 1910 1162 x

344 1196 585 1297 indulgentiis
618 1212 657 1278 et
685 1200 820 1278 litteris
854 1202 1074 1307 opostoliois
1112 1199 1354 1301 generalibus
1392 1201 1456 1279 uel
1496 1203 1727 1304 specialius

346 1322 647 1401 quorumcumque
689 1311 853 1378 tenorum
894 1306 1057 1380 existant
1090 1322 1231 1403 perque
1263 1300 1499 1401 presentibus
1540 1326 1612 1381 non
1649 1326 1723 1383 ex-

344 1421 481 1505 presso
512 1398 575 1477 nel
606 1398 764 1477 totaliter
794 1424 866 1478 non
899 1404 1037 1481 inserto
1068 1400 1226 1478 edoctus
1257 1420 1383 1477 eurum
1404 1398 1573 1503 impediri
1598 1404 1723 1489 nnleot

346 1496 613 1600 quomodolibet
635 1499 699 1577 uel
722 1498 854 1595 differi,
880 1513 917 1579 et
942 1498 992 1579 de
1017 1501 1149 1604 quibus
1175 1520 1397 1601 quorumque
1420 1501 1507 1577 totis
1531 1503 1721 1583 tenoribus

344 1594 515 1676 birbendn
544 1603 593 1675 sit
624 1600 661 1677 in
692 1602 831 1677 nostris
862 1599 991 1679 litteris
1027 1600 1161 1677 mentio
1185 1598 1387 1698 speoio'lis‚
1425 1598 1588 1678 Prouiso
1623 1602 1723 1703 qnod

346 1694 446 1776 diota
469 1696 638 1778 eoelesie
662 1694 797 1778 debitis
821 1713 1017 1803 propterea
1051 1724 1122 1777 non
1146 1696 1339 1777 fraudetur
1363 1698 1557 1800 obsequiis
1581 1712 1618 1779 et
1642 1704 1724 1779 oni·

171 1815 175 1835 ·
342 1821 478 1875 morum
512 1820 604 1877 euro
639 1795 678 1875 in
711 1820 760 1876 eu
790 1800 998 1879 nullatenus
1034 1796 1256 1899 neglignlur.
1308 1796 1423 1887 Nulli
1451 1820 1544 1918 erqo
1577 1802 1723 1896 omnino

345 1894 525 1974 bominum
556 1896 669 1975 lloeut
700 1897 796 1975 hono
827 1902 997 2003 peginam
1019 1912 1149 1975 nostre
1172 1896 1370 1973 uolontotis
1393 1899 1539 1974 unionis
1564 1904 1724 1977 annexi·

342 2001 424 2074 onis
449 2008 487 2075 el
510 1998 814 2099 inoorporotionis
838 2000 1044 2101 infringere
1075 1996 1139 2073 nel
1172 1998 1209 2073 ei
1239 2020 1335 2073 nnsn
1355 1998 1551 2073 temerario
1576 2011 1725 2077 contro-

344 2098 412 2175 ire.
461 2094 508 2174 Si
540 2098 623 2197 quis
654 2110 773 2174 nutem
800 2096 874 2176 boo
898 2110 1115 2199 attemptare
1136 2098 1413 2198 presumpserit,
1436 2094 1723 2196 indignationem

344 2196 598 2297 omnipotentis
631 2194 692 2272 dei
727 2198 912 2274 beatorum
942 2200 1044 2275 Petri
1078 2208 1117 2273 et
1148 2194 1256 2273 Pnnli
1281 2194 1544 2296 Apostolorum
1568 2198 1653 2275 eius
1676 2220 1724 2277 ee

339 2297 489 2373 mouerit
529 2296 771 2373 ineurunrnm.
835 2296 967 2373 Datum
1016 2296 1190 2371 Febrinni
1231 2289 1509 2371 camerinensis
1556 2291 1725 2373 diooesis

343 2397 457 2472 Anno
480 2393 744 2471 lnoernetionis
777 2394 955 2474 dominice
987 2394 1192 2471 Millesimo
1224 2392 1586 2493 qundringentesimo
1617 2398 1725 2494 qnin-

343 2496 569 2598 qungeelmo‚
594 2492 716 2573 Sexto
741 2488 834 2572 Idus
858 2496 1022 2595 Augusti
1048 2492 1287 2571 Pontidoutns
1311 2493 1427 2569 nostri
1445 2496 1556 2570 Anno
1572 2493 1724 2588 Quarto.
1840 2514 1844 2522 ’
