4209 5034
679 428 958 559 'mammona
985 448 1240 565 Augustani·
1444 565 1447 575 ¹
1562 450 1658 545 tna
1798 448 1803 455 '

274 676 482 781 predior-
498 678 771 781 assumpserint
792 689 901 780 atquc
924 680 1213 779 gmoomnertnt
1238 691 1275 759 ct
1291 680 1550 761 ratiboaucriut
1574 682 1658 761 dnm

273 789 398 855 nmen
422 777 471 853 ad
495 776 568 855 bec
589 790 715 855 nostra
739 774 925 857 ordinaria
943 783 1158 861 ,admonitas
1188 782 1428 859 interueniret
1462 785 1597 883 pariter
1621 792 1659 859 ct

272 890 408 955 noster
432 900 640 969 cousensus
671 878 720 955 de
746 901 817 979 quo
842 884 959 958 eciam
988 885 1083 961 inter
1115 890 1153 957 et
1184 904 1252 981 per
1280 884 1384 983 ipsas
1417 893 1541 985 partes
1575 881 1659 959 binc

272 977 363 1055 iude
398 1002 469 1077 quo
500 978 551 1055 ad
581 978 654 1057 boc
684 978 1059 1084 ineritprotestatum
1098 976 1208 1059 Vnde
1241 1006 1309 1082 pro
1341 996 1444 1083 parte
1477 984 1658 1062 ambarum

270 1078 434 1180 partium
468 1077 677 1157 carumdem
701 1082 808 1158 nobis
831 1083 1074 1184 supplicatum
1107 1092 1165 1157 est
1197 1091 1267 1157 mm
1301 1080 1435 1159 deuote
1468 1104 1572 1184 quam
1603 1084 1659 1159 iu·
1824 1072 1829 1093 '

271 1187 418 1253 canter
443 1190 622 1278 qmtenus
647 1176 885 1259 donacionem
909 1193 948 1259 et
971 1182 1251 1261 translacionem
1276 1179 1482 1259 huiusmodi
1515 1206 1562 1261 nc
1585 1182 1660 1259 alia

270 1278 462 1397 premissa
484 1278 701 1399 confirmare
724 1282 933 1379 gratificare
956 1293 996 1359 et
1019 1288 1077 1400 cis
1102 1284 1352 1359 auctoritatem
1378 1277 1659 1399 nostramordi-

272 1378 1660 1559 bebeti‘l‘aldblildlll'brlidbftlcl‘dffll:

1571 1506 1595 1599 l

118 1595 119 1606 ³
272 1576 475 1653 tineudbus
523 1576 676 1655 decimis
718 1583 866 1680 juribus
908 1580 1112 1657 redditibus
1157 1582 1331 1657 censibus
1372 1580 1659 1657 obueuciontbus
1815 1645 1829 1663 ,

295 1678 516 1753 rouentibus
549 1686 586 1755 et
610 1680 716 1755 bonis
747 1692 818 1755 tam
841 1681 1035 1757 mobilibus
1068 1705 1172 1781 quam
1204 1680 1443 1757 immobilibus
1470 1682 1508 1755 iu
1542 1687 1579 1756 et
1610 1676 1660 1755 ad

271 1698 495 1951 dionisium
525 1774 832 1859 sanctimoniales
873 1791 911 1857 ct
935 1776 1164 1857 Conneutum
1188 1778 1408 1855 Monastcrii
1440 1804 1524 1857 uum
1546 1776 1658 1857 boton

272 1898 295 1977 p
370 1877 465 1953 'ctas
504 1886 541 1953 et
589 1902 712 1955 aarum
750 1880 1028 1979 possessiouem
1073 1890 1111 1955 et
1154 1883 1409 1982 proprietatem
1450 1888 1660 1981 perpetuam

274 1974 479 2051 mnsierre
501 1998 550 2052 ao
571 1972 723 2053 easdem
747 1989 786 2053 et
810 1978 940 2055 cariem
975 1990 1012 2054 et
1035 1980 1234 2055 nominatim
1260 1990 1297 2057 ct
1321 1978 1498 2080 specifice
1523 1998 1659 2055 memo-

277 2086 387 2150 ratnur
426 2074 639 2155 Ecclesiam
677 2077 941 2176 parrochialem
978 2080 1017 2153 iu
1058 2077 1352 2157 Salmoushouen
1390 2098 1462 2179 que
1501 2102 1526 2155 a
1559 2088 1658 2155 boto

279 2182 441 2275 tempore
465 2169 515 2249 de
540 2178 648 2251 cuius
671 2179 783 2253 inicio
807 2180 978 2253 memoria
999 2176 1179 2253 bominum
1203 2201 1276 2254 non
1301 2179 1436 2253 existat
1460 2199 1529 2279 per
1551 2172 1658 2268 Cou-

251 2296 258 2311 ·
308 2375 316 2389 ·
370 2275 539 2350 acionem
563 2285 603 2353 ct
626 2273 790 2353 Sorores
822 2279 1127 2375 congregacionis
1159 2279 1196 2351 iu
1230 2276 1523 2353 Salmansboneu
1554 2288 1660 2353 aute

123 2491 127 2499 ,
287 2374 1224 2645 promittat„illstb‘btltlli
1238 2384 1506 2549 bibliot:
1526 2386 1659 2549 bb?
1729 2476 1734 2484 ·

467 2575 575 2651 'tibus
598 2575 839 2674 promentibus
862 2584 972 2672 atque
993 2572 1142 2672 juribus
1167 2572 1272 2647 rnire
1296 2583 1497 2647 annectere
1529 2582 1566 2649 et
1598 2572 1657 2648 in·

294 2690 473 2771 corporate
497 2673 689 2773 dignemur
710 2672 797 2749 Nos
821 2675 934 2771 igitur
958 2673 1124 2772 qnoniam
1144 2673 1388 2770 inquisicioue
1405 2670 1550 2747 sollerti
1594 2691 1659 2749 re-

285 2771 389 2848 ulna
426 2776 631 2874 reperimus
663 2771 762 2873 quod
798 2774 917 2847 omnia
957 2783 995 2847 et
1027 2772 1176 2870 singula
1210 2780 1424 2873 prenarrata
1458 2764 1508 2845 de
1540 2694 1660 2848 lidera

118 2883 120 2888 ’
155 2964 157 2967 ⁴
281 2884 478 2971 montanea
500 2874 658 2947 unanimi
683 2884 720 2948 et
744 2868 921 2949 concordi
946 2870 1133 2947 voluntate
1157 2894 1204 2947 nc
1228 2884 1364 2953 matura
1382 2865 1658 2947 deliberacione

274 2974 437 3147 parcium
463 2974 787 3073 prenominatorum
808 2994 882 3047 non
907 2973 946 3045 ri
977 2993 1051 3045 uec
1074 2980 1171 3046 metu
1196 2992 1315 3069 neque
1342 2968 1430 3045 dolo
1454 2966 1549 3043 malo
1574 2969 1658 3044 siue

289 3072 409 3151 raude
448 3075 579 3171 quavis
617 3070 668 3145 ad
704 3070 776 3147 boc
807 3069 1034 3147 indoctarum
1074 3068 1281 3169 procedunt
1316 3078 1354 3145 et
1391 3077 1659 3167 processerunt

272 3172 522 3252 Atteudentes
560 3168 659 3269 quod
692 3194 829 3245 summa
863 3172 966 3245 racio
1004 3179 1065 3245 est
1104 3190 1181 3269 que·
1209 3170 1334 3243 militat
1367 3188 1436 3269 pro
1475 3162 1681 3261 religione¹

272 3273 449 3375 quodque
471 3268 674 3347 secundum
698 3270 896 3345 canonicas
920 3270 1143 3345 sanccioues
1168 3262 1355 3343 multitudo
1390 3271 1658 3367 prmpeoouto·

128 3434 132 3442 .
269 3375 378 3452 ribus
404 3368 585 3447 deuocins
610 3369 847 3445 exorancium
878 3392 903 3442 a
938 3366 1012 3444 deo
1043 3365 1191 3443 laenius
1218 3364 1414 3443 exauditur
1438 3360 1659 3459 deuotisqne

267 3473 452 3574 precibus
477 3469 639 3571 parcium
662 3464 906 3569 predictarum
930 3466 1038 3543 nobis
1060 3486 1193 3545 reuera
1217 3464 1402 3541 ordinario
1427 3463 1508 3537 iure
1531 3462 1676 3535 rtrim·.

196 3573 200 3581 “
267 3596 349 3673 qne
372 3560 956 3669 subjectarum'coudescenderc
990 3565 1162 3639 uolentes
1196 3566 1235 3639 in
1259 3560 1330 3637 bac
1354 3572 1458 3663 parte
1484 3553 1656 3635 easdem-

266 3694 346 3773 que
370 3674 409 3747 iu
434 3694 505 3745 suo
528 3678 659 3742 sancto
683 3667 872 3767 proposito
897 3662 1100 3741 confouere
1127 3660 1363 3739 donacionem
1389 3661 1596 3737 cessionem
1619 3666 1658 3737 ei
1714 3670 1731 3683 “

264 3769 558 3849 translacionem
583 3778 825 3869 prenarratas·
840 3786 913 3863 que
938 3765 1055 3839 eciam
1084 3785 1163 3866 per
1178 3770 1216 3837 et
1239 3764 1335 3837 iuter
1359 3756 1546 3860 predictas
1570 3779 1658 3857 par-

266 3882 335 3950 tes
359 3894 485 3949 coram
510 3866 616 3943 nobis
640 3864 762 3941 denuo
795 3874 883 3940 sunt
915 3864 1166 3962 sollempniter
1197 3862 1328 3939 iterato
1359 3860 1497 3960 pariter
1527 3866 1565 3931 et
1595 3857 1657 3941 iu-

193 4018 200 4030 ·
267 3981 410 4048 nouate
435 3978 535 4043 ratas
570 3978 608 4045 et
637 3977 761 4061 matos
786 3962 961 4040 babemus
991 3984 1040 4038 ac
1069 3962 1283 4039 auctoritate
1316 3970 1440 4036 nostra
1471 3954 1658 4033 ordinaria

268 4072 493 4154 roboramus
528 4076 567 4143 et
597 4088 650 4143 ex
683 4073 786 4143 cena
808 4064 976 4144 ndencia
999 4060 1251 4142 confirmamus
1288 4056 1418 4137 dantes
1451 4067 1490 4137 et
1522 4056 1657 4183 imper·
1776 4154 1778 4164 1
