4209 5034
720 547 992 658 episcopatus
1027 552 1283 666 Auguslani.
1379 686 1382 689 Ι
1593 551 1688 637 149

144 781 149 790 ’
299 777 447 854 ώσω
471 797 577 854 mane
600 777 645 854 iu
670 775 830 882 Capella
854 779 1023 884 predicta
1046 785 1140 858 omni
1174 768 1237 858 die
1270 805 1340 860 seu
1399 797 1528 862 uatum
1550 780 1687 864 diebus

299 876 344 952 ln
369 877 571 977 mimam
602 878 746 957 lomatio
778 882 872 956 satis
904 886 1123 984 tempestiue
1156 895 1348 984 autequam
1398 885 1614 964 aboratores
1651 899 1691 962 et

158 1025 162 1036 ·
297 979 515 1054 mercenarii
538 978 589 1054 ad
615 1003 686 1058 sua
709 1001 827 1082 opera
850 993 1036 1058 transeant
1070 983 1134 1058 rel
1168 982 1346 1059 inchoent
1376 996 1419 1062 et
1444 985 1542 1085 qnod
1569 985 1690 1062 deno·

299 1077 417 1156 uocis
442 1099 556 1164 causa
580 1092 725 1180 possunt
748 1084 934 1158 interesse
959 1096 997 1156 ct
1020 1081 1168 1158 iestims
1193 1083 1327 1160 dicbus
1351 1085 1389 1158 in
1410 1086 1577 1161 ecclesia
1599 1108 1689 1186 par·

298 1174 456 1254 minii
480 1177 645 1279 predicta
669 1181 738 1258 sab
765 1179 889 1257 officio
915 1176 1041 1256 diuino
1067 1182 1202 1257 ibidem
1228 1184 1406 1260 celebret·
1440 1185 1531 1260 item
1556 1187 1688 1260 statm-

299 1300 380 1398 mur
405 1277 505 1377 quod
528 1275 625 1400 idem
651 1280 891 1358 beneficiatus
915 1276 1029 1402 debet
1052 1284 1233 1372 assistere
1266 1285 1303 1357 iu
1340 1279 1476 1362 debitis
1504 1284 1689 1403 iesfiuita·
1772 1291 1783 1298 “

299 1377 898 1653 pertimuisset.
913 1378 1276 1581 ‘affictum
1291 1380 1689 1582 'recentum

320 1576 404 1654 dour
430 1579 672 1660 beneficiatas
697 1606 823 1658 omues
849 1592 887 1657 et
911 1583 1080 1682 singulas
1105 1584 1319 1659 oblaciones
1344 1583 1394 1658 ad
1419 1586 1536 1659 altare
1557 1584 1687 1658 librum

166 1699 176 1710 ·
301 1699 373 1754 seu
408 1703 535 1756 manus
567 1683 639 1756 sibi
676 1693 868 1784 porrectus
904 1686 1101 1780 assignare
1132 1683 1272 1758 debeat
1306 1685 1377 1786 ipsi
1410 1685 1569 1786 plebano
1605 1684 1689 1758 siue
1823 1763 1827 1771 ,

300 1800 401 1854 mora
426 1791 464 1854 et
488 1776 621 1857 irnude
646 1796 683 1858 et
708 1784 849 1884 absque
876 1781 963 1858 doio
988 1783 1059 1857 sub
1085 1781 1210 1860 debito
1232 1781 1436 1860 Jnrarnenti
1471 1782 1569 1883 quod
1595 1803 1686 1882 pre·

258 1911 263 1918 ·
301 1888 403 1954 stare
428 1875 541 1996 debet
565 1881 716 1981 quilibet
738 1880 987 2002 prebendam
1019 1902 1091 1957 sou
1126 1882 1366 1959 beneficiatus
1398 1885 1436 2002 in
1469 1907 1541 1959 sua
1572 1885 1689 1981 prima

299 1978 1688 2186 litigiisdiiii,dimittitis}llllliluiizl?

137 2215 142 2222 ·
299 2179 386 2254 istst
408 2179 480 2254 sed
504 2181 599 2256 alias
625 2182 847 2260 commodum
874 2193 912 2257 et
937 2179 1110 2258 honorem
1142 2183 1309 2260 ecclesie
1337 2179 1581 2283 parrochialis
1605 2194 1688 2256 stn-

155 2279 160 2288 '
302 2277 389 2354 icat
413 2279 657 2358 eucmmhtor
676 2304 909 2386 promouere.
949 2281 1133 2357 Preterca
1168 2281 1379 2359 ordinamus
1411 2296 1450 2358 et
1482 2279 1687 2357 ordinando

230 2409 241 2422 ’
299 2377 512 2456 inhibemus
535 2405 582 2458 uc
609 2378 839 2483 Capelianus
864 2404 932 2482 pro
957 2393 1122 2482 ternpore
1147 2385 1316 2457 existens
1341 2377 1391 2456 de
1405 2381 1562 2455 duribus
1587 2377 1688 2454 dicte

298 2478 546 2581 parrochialis
572 2483 739 2559 ecclesie
764 2483 807 2558 in
835 2479 1064 2558 Oberndorii
1091 2480 1369 2581 quibuscunque
1402 2478 1592 2555 coloribus
1616 2499 1688 2552 ex·

300 2579 445 2679 qniaitin
470 2583 659 2682 quicquam
684 2583 756 2660 sihi
781 2577 983 2658 vendicare
1009 2601 1284 2686 seulrsurpare
1314 2588 1501 2680 presumat
1532 2597 1605 2652 uec
1638 2574 1690 2651 de

299 2694 607 2758 ornamentorum
630 2679 953 2758 administracionis
986 2679 1048 2756 vei
1082 2680 1360 2780 quibuscunque
1393 2678 1477 2754 aliis
1505 2675 1689 2752 ecciesia-

299 2781 406 2856 sticis
431 2783 575 2860 actibus
600 2781 649 2857 ad
673 2783 868 2884 plebanum
905 2779 955 2856 de
979 2779 1076 2856 Jure
1100 2777 1166 2856 roi
1192 2778 1461 2881 consuetudine
1485 2777 1689 2876 spectanti-

299 2880 370 2957 bus
395 2903 440 2956 se
467 2881 673 2982 aliqualiter
699 2885 910 2961 intromittat
933 2882 1004 2958 uisi
1029 2903 1098 2980 por
1150 2881 1316 2988 ichauum
1351 2879 1552 2980 requisitus
1577 2876 1690 2951 inerit

300 2979 364 3054 vel
390 2991 552 3078 togatus,
578 2981 644 3064 vei
668 3007 719 3060 cx
745 3007 860 3060 causa
882 2983 1043 3080 legitima
1059 3003 1106 3058 eo
1134 3003 1190 3056 ern
1208 2979 1368 3083 plebano
1386 2980 1556 3068 abeunte,
1583 2999 1689 3076 quarn

301 3084 510 3158 necessitas
535 3106 607 3182 que
632 3083 721 3184 iege
746 3093 849 3160 caret
875 3080 1032 3157 euidens
1057 3083 1142 3158 siue
1168 3080 1360 3157 manifesta
1393 3077 1464 3156 hoc
1499 3079 1615 3176 exigit
1651 3089 1689 3153 et

301 3183 630 3376 {illiciti
656 3176 1695 3380 liliiltillinististigilli}

301 3383 447 3456 annecti
471 3380 626 3458 lecimus
653 3383 771 3460 lacius
797 3397 833 3459 ct
859 3381 996 3458 clarius
1022 3382 1239 3471 continetur,
1265 3379 1318 3454 Vt
1342 3390 1460 3453 antem
1483 3373 1690 3476 prescripta

300 3476 477 3557 fundacio
502 3506 572 3558 sen
597 3482 743 3560 dotacio
770 3497 807 3560 et
833 3483 1006 3558 bonorum
1024 3479 1286 3580 incorporacio
1312 3489 1391 3552 rata
1415 3497 1461 3551 ac
1483 3475 1583 3548 iirma
1601 3495 1689 3592 per-

235 3659 241 3666 ,
301 3591 444 3656 maneat
467 3593 505 3658 ct
529 3583 572 3658 iu
598 3596 783 3685 posterum
807 3594 956 3684 propter
970 3575 1237 3655 diuturnitatem
1258 3590 1458 3676 temporum
1478 3596 1501 3648 a
1519 3595 1690 3649 memoria

300 3677 480 3756 hominnm
505 3707 576 3758 uon
600 3681 795 3776 recedant,
828 3693 1026 3784 presentes
1058 3679 1188 3754 literas
1219 3677 1332 3754 scribi
1358 3676 1544 3774 nostrique
1594 3674 1690 3748 onti-

302 3779 438 3858 iicatus
460 3779 587 3883 Sigilii
613 3786 788 3860 iussimus
814 3781 1031 3858 elicuimus
1059 3780 1286 3881 appensione
1312 3775 1530 3854 communiri.
1593 3786 1689 3849 atum

168 3906 170 3912 ·
302 3880 347 3956 lu
373 3877 508 3960 Castro
534 3893 660 3962 nostro
682 3883 872 3961 Faucensi
897 3881 1012 3956 tercia
1039 3878 1101 3954 die
1126 3881 1263 3955 mensis
1279 3875 1457 3954 februarii
1480 3874 1593 3950 Anno
1619 3871 1689 3947 do·

301 3979 387 4056 mini
419 3980 621 4061 Miliesimo
655 3982 1026 4082 Quadringentesimo
1053 3977 1339 4079 Septuagesimo
1378 3998 1485 4053 nouo.
1524 3973 1688 4066 Quibus-

211 4087 220 4094 ’
302 4081 483 4180 siquidem
508 4084 627 4160 literis
652 4090 709 4164 sic
743 4095 781 4160 vt
806 4083 1018 4184 premittitur
1054 4081 1160 4156 nobis
1192 4079 1416 4182 presentatis
1448 4085 1487 4150 et
1518 4096 1586 4176 per
1618 4097 1688 4147 nos

302 4186 463 4284 receptis
489 4182 558 4262 tuit
584 4187 690 4264 nohis
715 4210 783 4288 pro
810 4181 909 4259 dicta
934 4191 1039 4284 parte
1078 4178 1202 4256 debita
1238 4201 1318 4256 curn
1340 4176 1520 4255 instancia
1544 4173 1691 4272 suppli-
