4209 5034
404 559 513 650 m
562 617 570 638 ,
642 631 647 642 ι
974 561 1247 651 Monumenta

412 796 703 895 Augustensium
730 805 940 874 statutorum
972 820 1094 876 coram
1128 819 1176 874 eo
1206 792 1437 872 vertentibus
1455 787 1499 866 in
1524 790 1675 891 scriptis
1697 785 1793 867 ferri

414 905 452 972 et
474 896 698 996 promulgari
732 895 780 971 ad
806 896 900 974 diem
933 895 1127 974 ethoram
1161 897 1433 999 suprascriptas
1465 889 1711 992 peremptorie
1735 890 1793 968 ci·

412 1002 517 1072 tasse
551 995 693 1088 Quibus
726 995 1008 1073 aduenientibus
1042 991 1336 1097 comparuerunt
1369 996 1408 1070 in
1443 988 1597 1068 Jndicio
1628 988 1794 1089 legitime

366 1169 372 1190 ,
414 1116 538 1171 coram
564 1117 611 1172 eo
636 1094 804 1194 prelibati
828 1097 990 1196 magistri
1013 1095 1207 1173 Jobannes
1230 1093 1327 1170 fabri
1351 1104 1388 1170 et
1411 1089 1588 1167 Andreas
1612 1111 1793 1190 procura·

397 1203 517 1270 'tores
541 1193 744 1270 nominibus
770 1197 900 1295 quibus
925 1219 1039 1297 snpra
1062 1195 1326 1297 procuratoriis
1341 1202 1390 1275 ,et
1408 1189 1495 1268 dicti
1513 1189 1676 1289 magistri
1690 1186 1795 1292 pauli

414 1291 539 1370 Koler
563 1316 614 1368 ex
640 1289 801 1370 aduerso
826 1297 1077 1395 procuratoris
1109 1319 1185 1371 non·
1212 1316 1290 1370 com
1317 1292 1453 1367 arentis
1477 1288 1704 1366 contumacia
1727 1311 1795 1368 ac·

416 1401 545 1468 mesala
569 1391 617 1470 ttt
642 1393 678 1468 in
705 1395 787 1470 eius
813 1395 1071 1472 contumaciam
1103 1390 1275 1473 dontinus
1320 1393 1440 1493 apisco
1465 1413 1513 1466 us
1543 1389 1796 1466 locumtenens

417 1489 645 1591 Surrogatus
670 1491 836 1594 prelatus
871 1493 1124 1570 addictorum
1158 1496 1408 1594 magistrorum
1431 1415 1614 1566 fobaunis
1636 1485 1733 1564 fabri
1758 1497 1798 1564 et

414 1591 572 1668 Andree
611 1590 968 1690 wandherclingeen
1010 1595 1224 1694 respective
1269 1601 1541 1693 procuratorum
1582 1588 1797 1662 instanciam

416 1693 511 1767 uisis
536 1691 699 1790 primitus
724 1713 793 1792 per
817 1713 897 1767 eum
922 1714 970 1768 ac
995 1691 1194 1792 diligenter
1217 1691 1397 1794 inspectis
1420 1688 1586 1766 omnibns
1608 1695 1645 1763 et
1668 1690 1799 1787 singu·
1857 1709 1865 1716 ·

416 1789 466 1866 lis
491 1791 587 1864 actis
610 1790 767 1864 actitatis
790 1791 920 1865 litteris
944 1792 1141 1892 scriptoris
1167 1789 1372 1894 priuilegiis
1393 1787 1637 1892 processibus
1659 1787 1798 1862 instru-

326 1975 334 1982 ,
418 1889 549 1965 urentis
574 1886 732 1988 aliisque
755 1885 911 1964 Juribns
944 1899 981 1965 et
1013 1892 1240 1968 munimentis
1269 1890 1488 1988 testiumque
1521 1882 1633 1962 dictis
1664 1895 1704 1963 et
1727 1881 1798 1962 de-

445 1987 660 2063 ositionibus
691 2007 738 2063 oc
771 1989 1063 2080 attestationibus
1101 1992 1137 2065 in
1171 1987 1378 2084 huiusmodi
1415 2010 1528 2064 cansa
1557 1984 1694 2063 habitis
1727 2008 1799 2062 ex·

445 2086 543 2186 ibitis
570 2095 607 2162 ct
629 2085 819 2190 productis
854 2087 995 2164 eisdem
1024 2111 1106 2165 cum
1139 2087 1341 2196 diligencia
1374 2099 1411 2164 et
1441 2087 1642 2162 maturitate
1674 2083 1801 2162 debite

418 2185 615 2263 recensitis
641 2183 689 2262 de
715 2185 936 2262 dominorum
956 2185 1220 2265 Coauditorum
1243 2209 1391 2266 suorum
1410 2186 1567 2264 consilio
1584 2194 1622 2262 et
1638 2207 1800 2261 assensn

420 2283 1802 2466 ttltl{llbltilttlmltllrtttiltfflltlilllttltllb

403 2507 483 2566 teas
510 2494 548 2560 et
572 2507 687 2586 super
713 2485 903 2586 quibusuis
1007 2487 1225 2566 eiiatonibns
1257 2413 1412 2564 dimitam
1445 2485 1673 2588 interpositis
1697 2482 1802 2562 refu·

302 2667 310 2676 ,
419 2585 561 2660 latoriis
588 2581 709 2660 dando
733 2583 781 2661 ad
807 2511 979 2662 animilia?
1039 2589 1160 2664 itiuam
1185 2590 1223 2663 in
1247 2585 1454 2664 huiusmodi
1477 2609 1593 2663 cansa
1610 2581 1803 2661 ferendam

421 2693 459 2762 et
494 2685 532 2758 in
555 2685 628 2761 scri
657 2685 704 2760 tis
729 2685 1028 2785 promulgandam
1061 2684 1296 2766 Sentenciam
1320 2683 1425 2761 duxit
1457 2679 1733 2787 procedendum
1764 2695 1804 2759 et

421 2785 607 2884 processit
690 2805 795 2882 mque
820 2808 899 2884 per,
913 2808 1032 2886 eaque
1056 2787 1151 2863 uidit
1174 2797 1211 2864 et
1236 2787 1408 2963 cognonit
1429 2786 1467 2863 in
1492 2783 1656 2859 fauorem
1681 2779 1804 2859 dicto·

422 2907 500 2958 rum
526 2881 746 2958 dominorum
765 2883 911 2960 Decani
927 2881 1196 2962 Canonicornm
1217 2897 1255 2962 et

422 2983 657 3073 augustensis
682 2983 932 3082 principalium
958 2995 995 3057 et
1019 2996 1147 3060 contra
1172 2985 1292 3062 dictos
1317 2983 1523 3084 Magistros
1548 2983 1689 3062 ciuium
1698 2977 1803 3060 Con·

423 3079 529 3156 sutas
563 3090 599 3156 et
632 3075 931 3156 Communitatem
957 3076 1128 3157 Ciuitatis
1153 3086 1408 3192 Augustepsis
1435 3105 1489 3158 ex
1512 3077 1676 3158 aduerso
1699 3082 1803 3184 priu-

426 3178 566 3282 cipales
590 3179 799 3279 inscriptis
835 3179 916 3254 tulit
952 3177 990 3256 et'
1020 3181 1264 3283 promulganit
1295 3191 1402 3286 prout
1434 3191 1472 3257 et
1504 3176 1804 3281 quemadmodum

422 3280 460 3353 in
498 3275 649 3378 quadam
686 3279 988 3378 pronunciatione
1026 3283 1142 3382 papiri
1181 3281 1318 3359 cedula
1356 3305 1460 3382 quam
1497 3278 1596 3356 idem
1634 3277 1805 3357 dominns

423 3375 638 3479 Episcopus
680 3377 932 3455 locumtenens
971 3378 1200 3481 Surrogatns
1243 3385 1281 3456 in
1320 3390 1402 3458 suis
1443 3381 1592 3457 tenebat
1637 3380 1805 3457 manibus

425 3499 602 3576 quamque
635 3475 683 3552 de
714 3477 832 3553 uerbo
864 3477 1014 3580 publico
1040 3481 1116 3557 alta
1141 3491 1178 3556 et
1200 3478 1423 3582 intelligibili
1447 3503 1547 3557 roce
1572 3479 1733 3580 perlegit
1757 3501 1806 3556 ac

424 3577 463 3651 in
486 3577 721 3652 instrumento
746 3572 911 3678 desuper
942 3601 1011 3680 per
1042 3603 1100 3655 me
1125 3579 1281 3656 eundem
1307 3580 1482 3656 notarium
1507 3577 1648 3656 exinde
1670 3582 1709 3653 in
1734 3601 1804 3656 no-

425 3686 495 3752 tam
518 3687 670 3776 recepto
697 3675 864 3753 roborato
884 3689 935 3756 .et
961 3668 1131 3756 conlecto
1155 3680 1303 3780 plenius
1336 3679 1545 3756 continetur
1578 3687 1617 3753 et
1648 3675 1806 3756 liabetur

426 3773 653 3872 Qnaquidem
678 3773 880 3854 Sentcncia
904 3782 959 3855 sic
984 3795 1023 3855 nt
1046 3780 1261 3880 premittitur
1282 3803 1353 3881 per
1377 3774 1557 3854 dominnm
1576 3775 1803 3880 Episcopum

424 3871 725 3951 locumtenentem
766 3875 1005 3978 Surrogatum
1044 3877 1223 3979 prelatum
1262 3877 1362 3956 lecta
1402 3878 1477 3959 lata
1511 3887 1550 3955 et
1580 3879 1618 3951 in
1652 3880 1805 3980 scriptis

425 3969 654 4072 promulgata
679 3971 813 4052 Statuti
839 3988 875 4054 et
900 3979 937 4052 in
963 3981 1160 4054 continenti
1184 3975 1328 4055 modico
1350 3989 1466 4054 buren
1491 3976 1666 4080 temporis
1690 3978 1805 4054 inter·

426 4067 528 4145 uallo
553 4067 739 4164 discretus
761 4077 820 4152 vir
845 4075 1053 4154 Andronius
1078 4077 1260 4154 laurencii
1284 4077 1418 4182 prefati
1443 4079 1557 4154 nostri
1581 4099 1630 4178 pa
1655 4099 1678 4152 e
1703 4073 1806 4155 Cur·

428 4191 493 4246 sor
519 4191 569 4248 ex
592 4185 697 4276 parte
722 4171 888 4256 eiusdem
913 4171 1049 4253 domini
1073 4177 1189 4255 nostri
1212 4199 1311 4281 pape
1336 4173 1516 4278 quoddam
1536 4101 1738 4256 mandamns
1754 4175 1803 4254 de

1308 2883 1435 2985 apltnli
1461 2881 1629 2961 ecclesie
1652 2881 1802 2958 maioris
1896 2915 1903 2923 ·
1996 2900 1997 2907 ¹
