4209 5034
448 535 563 651 *uno
888 558 978 713 2³²*
1013 557 1294 662 manmena
1375 553 1439 653 ’.ι

460 790 760 881 cousuetudinem
783 790 912 871 faeere
936 786 1055 898 posse
1079 802 1118 872 et
1140 744 1293 886 debere,
1317 787 1484 869 acilium
1507 786 1634 867 ualere
1658 784 1821 867 stlocum

458 894 597 973 habero
620 895 657 969 iu
684 893 849 969 omuibus
874 902 911 969 et
934 917 1003 995 per
1028 894 1162 989 omnia,
1187 892 1344 995 perinde
1367 914 1414 971 ac
1438 892 1471 967 si
1496 892 1618 989 alique
1643 887 1822 989 speciales
1955 970 1959 978 f

457 996 520 1072 uel
546 992 747 1094 generales
771 998 1046 1071 reseruatiuues
1069 1016 1152 1096 -pcr
1182 1017 1251 1069 uos
1283 992 1348 1069 uel
1378 991 1507 1069 sedem
1540 987 1737 1091 prothetam
1760 1008 1821 1087 pro

458 1106 622 1196 tempore
647 1092 745 1167 lacte
771 1114 841 1167 non
867 1104 1096 1195 apparerent,
1122 1088 1369 1170 decernentes
1419 1110 1633 1188 uascuuque
1650 1086 1823 1187 prouisio·

456 1216 526 1271 nes
550 1192 623 1368 ipsi
649 1191 812 1268 ecclesie
837 1194 901 1281 uel
919 1193 1183 1280 translationes
1197 1188 1247 1277 ad
1262 1192 1364 1273 illum
1385 1118 1433 1272 de
1453 1190 1528 1267 alia
1545 1210 1704 1289 persona
1722 1207 1819 1283 quam

485 1314 526 1369 er

455 1318 587 1486 bontra
638 1390 894 1469 celerationem
920 1402 956 1468 et
978 1388 1169 1497 decretum
1193 1390 1399 1493 huiusmodi
1422 1387 1624 1486 attemptari
1641 1381 1827 1487 contigerit

458 1490 597 1567 nullius
624 1492 782 1585 existere
807 1488 993 1573 firmitatis.
1018 1488 1108 1567 Non
1133 1490 1359 1567 obstantibus
1386 1490 1585 1593 promissis,
1612 1506 1659 1561 ac
1684 1475 1827 1559 Consti·

453 1588 654 1665 tutionibua
680 1600 717 1665 et
743 1586 1031 1665 ordinationibus
1057 1612 1199 1668 necnon
1222 1588 1351 1665 litteris
1378 1585 1594 1690 apostolicis
1618 1582 1722 1659 etiam
1740 1590 1828 1654 motu

456 1690 604 1805 proprio
630 1698 668 1763 et
693 1710 743 1763 ex
769 1696 872 1763 certa
895 1690 1050 1765 scientia
1082 1710 1129 1768 ac
1159 1688 1207 1765 de
1231 1689 1380 1763 fratrum
1405 1698 1610 1762 nostrorum
1634 1678 1784 1759 consilio
1806 1700 1828 1753 a

458 1786 566 1862 uobis
591 1784 654 1861 uel
677 1783 773 1889 sede
796 1784 966 1889 predicta
992 1790 1177 1882 emanatis,
1202 1798 1240 1864 et
1264 1789 1337 1863 nisi
1362 1786 1411 1862 de
1435 1797 1508 1877 toto
1534 1793 1830 1954 tenorepreseu·

453 1884 556 1977 tium,
579 1882 759 1985 specialis
784 1896 822 1959 et
848 1908 1033 1987 supressa
1057 1908 1140 1961 'uon
1173 1898 1293 1981 autem
1323 1908 1395 1989 per
1417 1884 1618 1982 generales
1651 1876 1827 1957 causulas

451 1982 679 2061 mauriana
706 1980 755 2058 do
781 1990 909 2059 cetero
935 1976 1146 2061 emanandis
1159 2040 1173 2078 ,
1213 2008 1359 2085 quarum
1385 1986 1553 2061 effectum
1578 1979 1745 2057 etiamsi
1766 1989 1829 2078 por
1883 2019 1893 2038 κ

380 2119 386 2127 ·
449 2104 527 2159 eas
559 2079 606 2157 ad
640 2078 886 2157 inhibitionem
916 2086 1205 2182 reseruationem
1237 2096 1274 2160 et
1307 2084 1493 2161 decretum
1525 2082 1589 2158 uel
1619 2080 1726 2154 alias*
1745 2095 1829 2175 quo·

452 2176 659 2259 modolibct
683 2182 730 2255 sit
783 2202 971 2257 recessum
1009 2190 1073 2260 ex‘
1093 2198 1195 2260 certa
1217 2184 1373 2262 amentia
1396 2176 1660 2284 suspendimus
1684 2199 1730 2253 ac
1750 2174 1830 2249 illas

452 2278 510 2359 ,ad
535 2279 712 2382 prefatam
736 2206 1011 2379 dugustenscm
1037 2283 1238 2359 ecclesiam
1269 2304 1318 2361 sen
1346 2305 1419 2358 uou
1443 2275 1653 2358 extendere
1677 2272 1830 2353 auctori·
1867 2350 1871 2354 ,

451 2386 537 2461 ‚talo
562 2388 599 2454 et
623 2379 782 2467 scientia
804 2380 985 2458 similibus
1020 2380 1249 2459 declaramus
1282 2384 1494 2480 ceterisque
1526 2378 1723 2458 contrariis
1757 2372 1831 2473 qui-

452 2476 605 2557 ·busouu
631 2474 823 2555 ue··Nulli
862 2500 955 2555 ero
995 2484 1137 2558 omnino
1171 2481 1351 2558 bominum
1387 2478 1501 2573 liceat
1539 2477 1638 2554 banc
1674 2476 1831 2579 paginam

456 2589 586 2655 nostre
608 2502 871 2653 declarationis
897 2502 1038 2681 decreti
1062 2584 1320 2682 suspensionis
1347 2592 1395 2656 -et
1419 2576 1685 2656 declarationis
1708 2572 1831 2649 inirin-

453 2698 553 2777 gere
578 2674 640 2753 uel
665 2676 706 2783 ei·
725 2681 1039 2783 ausu'temarario
1062 2684 1258 2758 contraire·
1292 2678 1421 2780 ffiquis
1444 2688 1563 2755 autem
1588 2674 1664 2753 boc
1679 2682 1831 2769 attemp-

452 2788 539 2852 tare
572 2774 841 2877 presumserit
871 2776 1154 2877 indignationem
1195 2779 1447 2881 omnipotentis
1484 2774 1547 2855 dei
1579 2786 1617 2852 et
1654 2774 1831 2852 beatorum

455 2872 564 2951 Petri
586 2883 623 2949 et
649 2798 758 2949 raab
783 2874 1046 2972 Apostolorum
1072 2880 1157 2953 sius
1181 2902 1227 2957 se
1253 2879 1395 2974 nouerit
1419 2879 1662 2954 incursurum.
1708 2872 1832 2967 Datum

456 2970 574 3047 Rome
598 2966 698 3071 apud
722 2969 895 3047 Sanctum
921 2986 1062 3075 petrum
1093 2979 1207 3054 Auno
1241 2976 1507 3054 iucarnationis
1539 2972 1723 3050 dominice
1747 2966 1832 3043 Mil·

596 1290 767 1467 opitulum
803 1287 1011 1369 huiusmodi
1052 1291 1227 1393 eligenda
1257 1289 1451 1367 faciendas
1486 1310 1630 1365 necnon
1665 1278 1826 1385 quicquid

298 3058 307 3065 ’
452 3066 1365 3181 lesimoquadriugeutesimoquinquagesimoquarto
1412 3070 1610 3172 &leudes
1663 3066 1829 3152 Octobris

452 3166 698 3251 Pontificotus
721 3170 837 3248 nostri
860 3171 972 3251 Anno
998 3171 1152 3253 Octauo
