4209 5034
348 574 350 583 ·
479 526 584 638 248
919 576 924 586 ·
1049 546 1324 637 Monumcuta
1416 665 1421 672 Ι

470 779 738 858 'nominatorum
763 777 812 858 ad
837 779 1015 884 pratorum
1041 772 1240 860 domiuum
1253 793 1413 860 uonrum
1446 804 1576 886 papam
1601 777 1757 883 eiusque
1779 807 1858 860 sau-
1989 770 1990 795 ¹

478 893 571 958 ctam
595 879 724 960 sedem
749 883 988 984 apostoticam
1011 881 1048 958 in
1075 884 1228 984 scriptis
1261 892 1463 985 prouocato
1495 889 1533 958 et
1565 881 1751 981 appellato
1774 907 1858 986 apo-

468 982 660 1082 stolisque
685 985 809 1083 petitis
844 992 882 1059 ot
911 983 1070 1060 obtentis
1093 982 1262 1084 prefatus
1286 978 1455 1060 dominus
1479 991 1607 1057 noster
1630 1003 1679 1081 pa
1705 1003 1729 1054 a
1753 1004 1860 1085 quan·

479 1081 574 1158 nan·
596 1081 865 1158 commissionis
897 1081 981 1185 siue
1014 1083 1297 1184 suppticaticnis
1328 1081 1499 1161 cedulam
1530 1077 1657 1157 Nobis
1678 1007 1792 1160 fetro
1814 1080 1860 1160 tle

477 1177 646 1258 Ferrera
669 1183 861 1282 utriusque
884 1179 992 1259 Jnris
1018 1181 1161 1260 doctori
1187 1175 1332 1260 decano
1357 1181 1534 1260 Auriensi
1561 1181 1669 1257 eoam
1693 1203 1764 1258 suo
1788 1177 1860 1259 Oa-

475 1279 628 1382 peilcnc
655 1291 693 1358 et
717 1280 891 1357 antedicti
914 1281 1042 1384 palatii
1067 1303 1259 1358 causarum
1281 1277 1457 1359 Auditcri
1471 1301 1551 1386 ,per
1575 1305 1684 1357 vnum
1709 1301 1763 1357 cx
1780 1301 1861 1357 cur·

307 1443 316 1452 .
479 1380 629 1458 acribus
655 1379 835 1483 predictis
859 1383 1066 1483 presentari
1088 1381 1181 1460 iecit
1200 1403 1311 1558 &uam
1335 1405 1406 1459 nos
1431 1403 1513 1458 cum
1538 1381 1633 1456 curui
1653 1403 1726 1481 qua
1743 1377 1861 1458 decuit

477 1481 700 1559 reuerencia
723 1481 933 1582 recepimus
957 1481 1027 1560 sub
1052 1478 1125 1557 troc
1148 1501 1199 1558 re
1243 1504 1344 1558 crum
1368 1494 1499 1559 tencre
1518 1479 1705 1579 Dignetur
1729 1479 1862 1558 sancti

478 1589 538 1657 tas
564 1590 692 1657 vestra
717 1601 867 1658 causam
899 1591 938 1658 ct
969 1603 1108 1660 causas
1138 1581 1399 1684 appeliatinnIs
1431 1591 1471 1657 et
1493 1579 1777 1700 appellationum
1798 1601 1861 1681 pro

472 1691 581 1782 parte
597 1677 809 1757 deuotornm
824 1691 1009 1759 oratorum
1023 1692 1228 1759 vestrorum
1241 1679 1505 1782 Magistrcmm
1527 1679 1661 1758 nutam
1691 1680 1862 1756 consuia-
1989 1724 1990 1729 Ν

436 1833 441 1838 -
474 1789 536 1855 tus
571 1789 610 1855 et
648 1779 911 1858 communitatis
942 1779 1195 1877 Augusteusis
1226 1804 1250 1858 a
1282 1779 1436 1882 quadm
1496 1791 1646 1856 reteusa
1676 1775 1863 1856 difficitiua
1989 1822 1990 1849 r

478 1873 674 1955 Sententia
697 1901 768 1980 per
790 1873 1053 1958 Reuerendum
1077 1892 1218 1981 patrem
1250 1872 1432 1958 dominum
1481 1875 1660 1955 ohannem
1683 1879 1863 1956 mooun·
1989 1886 1990 1931 ¹

475 1971 705 2078 Episcopum
737 1975 1104 2056 Alexandrinensem
1137 1979 1247 2056 onius
1291 2001 1344 2058 ox
1379 1980 1479 2056 sacri
1509 1977 1638 2081 palatii
1668 1975 1864 2080 apostolici

321 2163 324 2170 ,
382 2135 386 2142 .
476 2095 671 2155 causarum
695 2076 940 2156 Auditoribus
963 2071 1265 2159 locumtenentem
1297 2081 1336 2155 iu
1368 2075 1523 2180 quadam
1554 2098 1684 2156 cansa.
1702 2099 1780 2176 que
1805 2097 1865 2152 cc-

463 2187 553 2254 'raru
579 2198 627 2254 eo
651 2179 748 2254 iutor
772 2171 895 2256 dictos
921 2189 1091 2258 oratores
1125 2200 1178 2257 cx
1208 2201 1283 2256 rua
1315 2188 1354 2258 ct
1386 2179 1568 2256 occanum
1592 2184 1630 2253 ct
1655 2171 1865 2280 Capitulum

476 2273 645 2353 ecclesie
669 2275 925 2378 augustensis
951 2276 1001 2357 dc
1026 2289 1065 2357 et
1088 2299 1204 2384 anper
1228 2279 1342 2357 certis
1365 2279 1512 2356 statutis
1537 2287 1576 2354 et
1595 2274 1865 2354 confirmatam

478 2374 681 2454 eorundem
716 2379 830 2458 sobre
856 2381 1029 2481 tinuoque
1063 2390 1102 2457 et
1133 2379 1349 2482 obreptione
1382 2391 1635 2481 protensamm
1667 2372 1867 2453 litterarum

475 2477 758 2556 aostctieanm
782 2406 987 2584 &fonsque
1022 2476 1108 2556 aliis
1140 2481 1180 2557 in
1210 2479 1306 2557 actis
1339 2501 1454 2557 cause
1487 2475 1598 2556 latius
1630 2469 1809 2554 deductis
1833 2485 1868 2551 et

505 2571 713 2656 educendis
739 2589 777 2657 et
801 2577 960 2658 iliorum
973 2581 1171 2661 occasione
1186 2580 1353 2684 partibus
1374 2598 1424 2656 er
1439 2578 1558 2657 attera
1580 2578 1618 2653 in
1639 2577 1760 2681 prima
1776 2576 1867 2653 verti

476 2677 765 2784 protendebatur
788 2681 960 2762 instantia
991 2683 1029 2758 in
1060 2681 1227 2760 fauorem
1261 2679 1439 2758 dictorum
1473 2675 1605 2756 decani
1640 2689 1679 2754 ct
1702 2671 1866 2780 Capituli
1988 2688 1989 2715 ¹

366 2847 375 2886 ,
477 2789 515 2857 et
540 2793 669 2858 contra
694 2779 903 2882 Magistros
927 2783 1062 2859 ciuium
1086 2781 1312 2860 consulatum
1338 2790 1376 2856 et
1401 2780 1689 2858 communitatem
1714 2790 1758 2854 vt
1781 2795 1866 2877 pre-

461 2877 638 2967 ‘‚tenditur
664 2879 738 2958 lata
763 2893 800 2957 et
825 2879 1051 2984 promulgata
1083 2877 1147 2958 At
1180 2882 1407 2959 sanctitatem
1438 2889 1602 2956 vestram
1630 2888 1867 2976 sanctamque

461 2974 606 3056 'sedem
631 2979 871 3081 apostolicam
900 2981 1116 3082 interposite
1154 2991 1193 3058 et
1222 2977 1524 3082 interpositarum
1558 2998 1714 3054 rnacnm
1751 2995 1865 3054 caum

312 3085 325 3109 ⁶
464 3089 516 3154 'et
551 3081 676 3155 causis
710 3075 886 3154 nullitatis
920 3087 957 3152 et
994 3077 1195 3169 uuiiitatum
1225 3077 1434 3180 Iniquitatis
1467 3089 1505 3153 et
1540 3075 1734 3152 Iniusticie
1767 3069 1863 3147 dicte

478 3169 1864 3356 iiiiiiiiiiii?“iiiiiiiiiiri‘iiitiinnffi‘⁰iiniiffi

477 3363 684 3456 audiendas
710 3373 997 3478 cognoscendas
1022 3374 1253 3455 decidendas
1288 3375 1436 3476 fineque
1458 3360 1596 3451 'd'ebito
1620 3365 1863 3450 terminandas

479 3495 562 3554 cum
587 3475 748 3553 ominibus
774 3487 812 3556 et
837 3477 1100 3578 singuiissuis
1118 3474 1337 3554 Incidentiis
1355 3473 1627 3593 emergentibus
1648 3467 1861 3574 dependen-

252 3689 255 3696 .
360 3611 362 3616 ¹
389 3617 392 3624 ·
468 3576 577 3652 tibus
602 3577 759 3651 annexis
784 3587 822 3652 ct
848 3579 1030 3654 connexis
1054 3573 1109 3653 tn
1130 3599 1210 3656 cum
1234 3583 1419 3680 potestate
1443 3571 1580 3650 citandi
1610 3583 1651 3648 et
1673 3559 1880 3646 innitenti.

479 3683 518 3752 et
552 3671 635 3749 aliis
668 3671 848 3752 eiansuiis
881 3677 1075 3782 oportunis
1108 3677 1145 3752 iu
1178 3675 1404 3753 contrarium·
1429 3671 1652 3750 iacientibus
1687 3693 1763 3748 non
1797 3665 1860 3742 oo-

467 3773 660 3849 stantibus
702 3773 980 3878 quibuscunque
1016 3775 1062 3854 ln
1097 3775 1172 3852 fine
1208 3797 1308 3871 'vern
1348 3770 1446 3848 dicte
1482 3769 1749 3849 commissionis
1783 3768 1864 3844 aiae

472 3871 759 3992 'supplicationis
784 3873 923 3955 centulo
947 3878 1087 3980 scripta
1111 3882 1217 3953 erant
1251 3869 1305 3952 tie
1327 3869 1482 3950 atterius
1505 3894 1632 3992 napus
1655 3865 1776 3990 littera
1799 3887 1863 3942 su·

479 3969 919 4152 territantur
938 3975 1333 4152 notificent
1357 3957 1863 4148 consentino

481 4173 520 4241 et
536 4158 738 4248 'Justitia'm
770 4097 895 4251 rasstn't'
921 4089 1141 4252 ΘΙΙΙΙοιιθιζιιιοὲἰί
1168 4095 1359 4280 quuiaff:
1372 4093 1659 4249 eonnnttsatcnta
1690 4168 1859 4267 praten·
