4209 5034
757 552 1032 663 episcopatus
1065 517 1348 671 Augustani.⁴
1639 560 1740 647 229

348 786 516 868 omnibus
547 784 750 890 profutura
782 783 906 865 ,sono
937 800 1007 893 pro
1040 796 1148 889 parte
1181 786 1307 866 dilecti
1339 788 1404 865 nn
1437 788 1592 867 Anseln
1627 794 1740 871 eiecti

348 889 606 990 Augustensis
632 888 739 963 nobis
772 910 891 990 nuper
923 886 1085 967 erbibita
1115 891 1251 994 peticio
1284 892 1489 969 continebat
1523 892 1621 993 quod
1653 893 1742 970 iicet

349 988 401 1065 do
425 1011 589 1089 persona
620 1010 693 1064 sua
724 989 891 1066 ecclesie
923 988 1159 1087 Augamemi
1186 1002 1282 1067 tunc
1315 1003 1418 1068 certo
1451 987 1560 1067 nodo
1593 996 1740 1069 racauti

350 1091 567 1167 anctoritate
597 1085 805 1191 apostolica
835 1090 1043 1191 prouisum,
1076 1088 1241 1191 ipseque
1272 1087 1326 1165 itii
1359 1091 1403 1166 In
1438 1090 1666 1195 Episcopum
1701 1105 1740 1169 et
1836 1114 1842 1133 ¹

375 1187 1122 1392 pisatiis-'stipitis
1147 1192 1740 1369 ttutttts'tztttttttti

347 1389 460 1467 biien
486 1389 636 1465 fratrem
660 1397 822 1465 nostrum
846 1386 1072 1463 fredericum
1098 1386 1326 1491 Episcopum
1351 1390 1435 1466 otim
1455 1391 1636 1467 Abbatera
1661 1416 1739 1467 mo-

348 1490 504 1565 nasterii
517 1488 789 1567 Saxardiensis
804 1486 947 1564 ordinis
965 1489 1084 1592 sancti
1100 1486 1295 1565 benedicti
1310 1488 1480 1590 Quinque
1494 1490 1740 1567 ecclesiensis

349 1588 520 1665 diocesis
545 1589 748 1665 occamone
779 1608 821 1663 re
850 1589 966 1663 'minis
1003 1599 1041 1664 et
1072 1586 1403 1667 administracionis
1436 1591 1609 1665 bonorum
1640 1588 1740 1667 dicte

349 1688 531 1781 ecclesie,
556 1690 619 1765 cni
634 1708 680 1763 se
703 1690 787 1789 ipse
835 1688 1015 1787 piscopos
1040 1688 1149 1763 mam
1169 1688 1360 1788 prefectus
1384 1687 1468 1765 iore
1488 1687 1741 1790 pretendebat,

347 1812 422 1865 non
448 1790 532 1864 siae
547 1790 688 1886 maguis
712 1783 881 1864 eiusdem
895 1786 1021 1864 Eiecti
1044 1787 1232 1864 laboribus
1257 1800 1295 1865 et
1319 1790 1498 1889 expensis
1513 1788 1556 1865 lu
1577 1788 1742 1863 Romarm

349 1884 471 1966 Curia
495 1886 755 1988 exgeneralis
781 1889 1038 1965 commissione
1052 1883 1362 1965 constanciensis
1377 1886 1524 1990 Synodi
1549 1898 1742 1989 autequam

351 1987 480 2064 diuina
503 1986 655 2063 fauente
680 1987 881 2064 clemencia
906 1985 956 2063 ad
989 1988 1134 2088 apicem
1159 1991 1286 2063 summi
1311 1986 1541 2089 apostolatus
1572 2010 1742 2065 meume-

346 2088 789 2287 ττττττττττ
810 2087 1306 2289 sentences
1320 2088 1742 2285 ,τττττττττ
1799 2144 1808 2158 ·

348 2244 539 2363 stacione
564 2308 610 2361 ac
635 2286 803 2363 ecclesia
825 2282 1007 2387 predictis
1033 2286 1169 2361 nullum
1184 2286 1257 2363 Jus
1284 2299 1495 2385 competere
1516 2281 1742 2362 declaratum

351 2387 511 2487 Sibiquc
531 2408 653 2505 ‚super
675 2386 752 2461 illis
775 2397 960 2487 perpetuo
983 2386 1157 2485 Imposito
1183 2384 1346 2477 silentio,
1374 2381 1497 2459 dictus
1522 2386 1668 2460 ciectus
1695 2386 1742 2460 ab

356 2489 437 2563 cius
459 2484 703 2587 inpencioue
726 2484 920 2562 absolutus
944 2484 1054 2561 inerit
1080 2485 1297 2560 auctoritate
1324 2494 1527 2559 memorata·
1577 2482 1627 2559 iit
1652 2484 1743 2559 sub-

361 2608 406 2661 sc
472 2598 556 2662 nter
579 2584 738 2662 stamas
761 2584 846 2685 ipse
871 2585 1002 2684 gregis
1038 2582 1110 2660 sibi
1135 2578 1268 2660 crediti
1300 2604 1410 2675 cure,
1449 2604 1592 2658 necnon
1619 2584 1740 2676 statui,

360 2696 398 2762 ct
459 2685 733 2775 densitatibus,
758 2686 952 2759 animarum
976 2704 1123 2784 quoque
1146 2682 1257 2759 saluti
1290 2685 1500 2757 accuratius
1533 2677 1742 2773 intendens,

354 2786 548 2862 moulins
571 2798 643 2861 tam
668 2782 953 2861 ecclesiasticas
977 2808 1083 2885 quan
1111 2782 1307 2860 seculares
1331 2804 1480 2857 suarum
1506 2777 1679 2857 Ciuitatis
1704 2793 1743 2857 et

350 2880 521 2963 diocesis
534 2886 788 2979 Augustensis
811 2903 997 2985 personas
1022 2880 1144 2959 eidem
1160 2882 1368 2959 Frederico
1385 2882 1577 2983 Episcopo
1602 2892 1741 2958 temere

350 2997 390 3061 et
415 2985 466 3060 de
490 2986 591 3066 facto
616 3006 663 3060 ac
686 2982 731 3058 ln
756 2985 979 3085 promisionis
1004 3004 1147 3059 necnon
1174 2982 1224 3059 de
1254 2984 1337 3085 ipso
1364 2980 1499 3059 Electa
1527 2994 1567 3056 rt
1591 2983 1741 3084 premit·

346 3088 436 3161 titur
461 3084 560 3163 iacto
575 3080 829 3186 profectionis,
855 3093 893 3158 et
918 3079 1190 3161 declaraciouis
1209 3080 1408 3159 earundem
1422 3082 1614 3157 elisionem
1635 3080 1741 3157 sedis

348 3182 523 3360 predicte
548 3186 686 3287 pariter
717 3194 756 3258 et
787 3194 1026 3285 contemptum
1062 3184 1231 3259 tenacius
1263 3180 1436 3257 fauentes
1470 3191 1508 3254 ct
1540 3182 1647 3255 etiam
1671 3178 1740 3254 ad-

211 3313 214 3314 ’
377 3296 530 3361 erentes
554 3283 728 3361 nonnulla
752 3304 900 3383 quoque
923 3306 988 3359 res
1020 3294 1059 3359 et
1084 3283 1179 3357 bona
1203 3279 1251 3357 ad
1284 3283 1367 3356 eius
1392 3300 1553 3355 mensam
1578 3277 1743 3376 Episco-

405 3384 478 3461 ien
509 3384 789 3484 Augustensem
828 3383 1049 3485 pertinentia
1088 3381 1241 3457 ausibus
1280 3379 1449 3479 reprobis
1493 3376 1741 3477 perniciosius

382 3486 567 3561 conantes
609 3484 723 3559 ariter
737 3494 776 3557 et
800 3494 1027 3584 occupantes
1051 3504 1098 3558 ac
1122 3480 1218 3555 aiias
1241 3480 1314 3579 ipsi
1330 3470 1464 3553 dilecto
1483 3477 1741 3553 inobedientes

354 3602 466 3685 atque
489 3508 654 3660 rebefles
687 3580 1015 3658 exhortacionibus
1049 3578 1273 3658 cbamtutnin
1307 3580 1443 3678 pariter
1480 3588 1518 3653 et
1542 3576 1741 3673 Inanntiis,

354 3708 488 3761 rursus
511 3682 772 3759 vomitionum
798 3680 1015 3784 profundius
1042 3678 1370 3773 detestabiiinsquc
1389 3676 1561 3751 malornm
1586 3672 1742 3753 teutden·

355 3783 444 3860 dnm
466 3784 512 3858 ln
535 3784 712 3859 senbuam
737 3781 1010 3857 Intumescente
1035 3778 1191 3870 duricia,
1217 3786 1256 3853 rt
1279 3774 1379 3869 ilios,
1406 3778 1467 3876 qai
1493 3778 1652 3851 diuinum
1679 3798 1741 3851 re·

354 3884 473 3961 iotam
485 3906 643 3959 amorem
657 3905 895 3959 censurarum
909 3882 1041 3958 saitem
1052 3880 1390 3957 ecclesiasticarum
1407 3888 1523 3952 metus
1538 3873 1743 3953 retraberet

357 4007 383 4060 a
405 3984 531 4059 vetitis
554 3982 626 4061 sub
650 3980 1073 4061 excommunicacionum
1087 3978 1371 4080 suspensionum
1387 3986 1424 4052 et
1440 3975 1622 4053 interdicti
1638 3976 1746 4051 aliis-
1822 4026 1826 4033 ι

357 4106 433 4184 que
456 4084 658 4159 sentenciis
682 4086 789 4184 penis
822 4092 860 4157 ct
885 4077 1096 4156 huiusmodi
1116 4081 1308 4171 censuris,
1343 4070 1441 4178 quod
1474 4074 1589 4152 corde
1615 4078 1744 4169 sanati,

357 4206 609 4284 eorumquoque
633 4181 871 4261 reuoiuentes
897 4201 1078 4275 errorem,
1112 4188 1152 4257 et
1174 4178 1333 4279 obliquis
1367 4176 1499 4277 quibus
1523 4173 1745 4251 seductione
