4209 5034
358 507 462 593 224
916 502 1190 589 Monumenta

217 738 223 745 ’
358 738 451 815 Alio
476 738 537 812 nin
562 739 679 841 prima
702 730 766 811 die
789 721 962 811 Juridica
995 746 1133 811 extunc
1166 730 1359 809 inmediate
1390 730 1560 833 sequenti
1584 753 1656 830 quc
1678 754 1749 809 nos

360 838 424 913 uel
443 762 881 937 §arrogandosludices
904 832 1096 937 predictos
1116 830 1342 921 Constancie
1366 834 1404 907 in
1427 830 1561 917 ambitu
1585 831 1750 909 ecclesie

361 931 669 1015 constanciensis
693 958 761 1038 pro
786 932 886 1011 dicta
910 929 1109 1010 audiencia
1135 956 1326 1009 causmnm
1361 932 1535 1033 deputata
1565 931 1629 1006 rel
1662 931 1752 1007 alibi

361 1038 424 1115 rbi
448 1036 574 1111 forsan
600 1048 686 1112 tuuc
713 1032 846 1110 dictum
872 1034 1066 1111 concilium
1091 1030 1272 1134 generale
1292 1031 1356 1107 vel
1378 1032 1538 1109 &mana
1557 1026 1673 1107 Curia
1688 1054 1752 1107 re-

361 1135 501 1212 sidebit
522 1134 614 1210 bora
638 1157 830 1228 musarum
856 1130 905 1208 ad
920 1132 1015 1210 Jura
1029 1132 1258 1235 reddendum
1284 1134 1320 1207 in
1348 1132 1442 1209 locis
1468 1132 1604 1207 nostris
1629 1131 1751 1207 solitis

362 1251 400 1311 et
425 1236 615 1311 consuetis
638 1234 688 1311 ad
712 1234 807 1311 Jura
832 1231 1058 1309 reddendum
1091 1256 1158 1335 pro
1194 1232 1364 1309 tribunali
1390 1230 1528 1309 sedere
1556 1231 1751 1330 contigerit

365 1330 609 1435 compareant
642 1338 679 1411 in
712 1330 864 1411 Jndicio
897 1334 1061 1432 legitime
1098 1328 1219 1409 coritm
1259 1333 1366 1409 nobis
1400 1332 1461 1407 uel
1495 1326 1614 1408 Surro
1643 1330 1752 1406 andis

362 1434 542 1537 predictis
568 1455 637 1535 per
659 1458 704 1511 se
724 1434 788 1509 uel
812 1445 1089 1535 procuratorem
1105 1456 1174 1511 eeu
1195 1443 1456 1532 procuratores
1473 1454 1563 1507 enos
1578 1353 1752 1532 ydoneos

361 1530 411 1611 ad
436 1556 585 1609 canum
610 1556 680 1609 seu
707 1555 846 1610 causas
869 1532 1078 1609 huiusmodi
1103 1530 1331 1611 sufficienter
1352 1533 1551 1607 instructos
1571 1553 1651 1607 cum
1673 1555 1751 1607 onr-

360 1634 470 1708 nibus
496 1644 534 1707 et
558 1632 717 1733 singulis
742 1635 835 1709 actis
859 1634 1017 1709 actitatis
1041 1634 1160 1709 literis
1185 1632 1381 1733 scripturis
1402 1630 1657 1706 Instrumentis
1676 1630 1753 1732 pri-

363 1732 512 1831 uilegiis
549 1734 698 1831 juribus
735 1744 773 1807 et
810 1733 1038 1809 munimentis
1078 1754 1225 1808 causum
1264 1754 1334 1807 seu
1368 1754 1504 1807 causas
1543 1728 1751 1806 huiusmodi

365 1830 600 1929 tangentibus
624 1853 695 1907 eeu
722 1854 801 1907 eam
839 1830 904 1907 rel
937 1854 1005 1907 ees
1040 1830 1309 1930 quomodolibet
1334 1830 1641 1908 concernentibus
1667 1852 1754 1933 pre-

364 1929 453 2005 latis
479 1930 635 2007 dominis
660 1926 863 2007 canonicis
893 1942 930 2007 et
956 1926 1130 2033 Capitulo
1153 1930 1417 2035 principalibus
1453 1943 1514 2007 aut
1549 1952 1672 2006 eorum
1696 1929 1754 2005 le·
1887 1942 1899 1956 “

392 2030 489 2104 itimo
515 2034 744 2132 procuratori
770 2029 818 2106 de
843 2044 881 2107 et
902 2054 1019 2133 super
1044 2033 1209 2107 omuibus
1234 2044 1273 2106 et
1296 2032 1456 2127 singulis
1473 2056 1510 2105 ru
1531 2028 1630 2105 dicta
1647 2030 1753 2107 nobis

362 2053 463 2205 fructa
502 2132 741 2231 exposiciune
773 2132 858 2205 siue
897 2130 1175 2232 supplicacione
1216 2134 1396 2207 contentis
1430 2130 1478 2207 de
1511 2130 1658 2205 iusticia
1691 2150 1754 2205 re-

366 2231 541 2329 sponsuri
567 2242 603 2305 et
628 2233 664 2305 in
689 2242 764 2306 totu
790 2232 948 2331 negocio
982 2232 1022 2303 in
1056 2252 1172 2307 causa
1203 2252 1274 2305 seu
1307 2232 1433 2307 causis
1465 2228 1670 2305 huiusmodi
1703 2227 1753 2305 ad

365 2350 491 2403 omues
525 2340 562 2404 et
594 2330 765 2429 singulos
797 2343 903 2405 actus
928 2326 1105 2429 gradatim
1142 2340 1181 2405 et
1212 2332 1435 2407 successiue
1467 2329 1682 2433 processuri
1717 2338 1755 2405 et

363 2426 518 2547 procedi
543 2429 661 2503 visuri
687 2430 855 2529 aliasque
882 2428 1014 2504 dicturi
1040 2428 1172 2505 facturi
1198 2428 1352 2505 audituri
1381 2446 1418 2507 et
1444 2431 1628 2531 recepturi
1655 2426 1755 2603 «pund

363 2528 511 2603 rusticiu
535 2526 707 2604 suadebit
732 2543 769 2605 et
794 2527 887 2605 ordo
912 2527 1108 2604 dictauerit
1133 2530 1289 2605 racionis
1315 2524 1573 2607 (lectificantes
1599 2529 1660 2605 nic
1685 2530 1755 2605 ilo·

362 2629 482 2703 miurus
508 2626 659 2702 eosdem
685 2631 816 2705 citatos
849 2624 949 2728 quod
972 2631 1057 2705 siue
1091 2631 1127 2703 io
1160 2624 1259 2705 dicto
1286 2624 1493 2707 Citacionis
1526 2630 1679 2705 termino
1713 2639 1753 2705 ut

366 2726 584 2828 premissum
608 2736 668 2802 est
691 2750 814 2804 coram
839 2728 946 2803 nobis
979 2750 1196 2829 comparere
1230 2730 1439 2807 curaueriut
1464 2731 1547 2807 siue
1574 2752 1644 2805 nou
1669 2726 1756 2805 Nos
1781 2754 1796 2777 -·

250 2856 254 2866 ·
362 2822 618 2917 nichilominus
646 2826 708 2900 uel
741 2825 972 2920 Sumogarudi
1004 2830 1120 2904 nostri
1145 2828 1304 2928 predicti
1339 2828 1387 2905 ad
1419 2831 1602 2933 premissa
1636 2830 1755 2903 omnia

366 2935 404 2999 et
428 2921 577 3019 singula
603 2934 708 3022 prout
732 2926 782 3002 de
806 2925 902 3001 Jure
938 2928 1138 3025 poterimus
1168 2926 1417 3027 procedemus
1450 2951 1520 3007 seu
1552 2924 1757 3032 procedent

366 3020 545 3097 dicturum
572 3024 758 3101 citatorum
791 3024 967 3100 absencia
998 3048 1070 3101 seu
1102 3030 1329 3105 contumacia
1358 3030 1411 3107 iu.
1429 3030 1552 3129 aliquo
1584 3052 1655 3107 uon
1688 3028 1757 3105 ob-

365 3120 556 3197 stantibus.
581 3121 690 3199 Diem
715 3146 809 3203 vero
835 3124 1025 3199 citacionis
1050 3123 1257 3201 huiusmodi
1286 3140 1396 3229 atque
1421 3128 1559 3207 forman
1586 3140 1623 3207 et
1649 3122 1757 3229 qnid-

364 3218 451 3322 qnid
485 3220 523 3293 in
555 3224 750 3319 premissis
786 3224 952 3299 feceritis
996 3225 1103 3300 nobis
1144 3248 1213 3327 per
1245 3240 1394 3305 vestras
1426 3241 1596 3333 patentes
1628 3228 1757 3304 literas

372 3323 456 3397 eine
497 3318 683 3421 publicum
717 3322 995 3400 lustramentum
1035 3322 1160 3401 barum
1193 3328 1328 3403 seriem
1363 3350 1434 3405 sen
1468 3326 1549 3407 desi
1579 3330 1760 3407 nationem

368 3419 405 3497 in
431 3441 477 3494 se
504 3423 732 3500 continentes
757 3448 827 3525 seu
851 3425 1042 3499 continens
1067 3428 1235 3505 remissis
1253 3429 1490 3530 presentibus
1515 3351 1676 3505 fideliter
1701 3422 1759 3503 iu-'

361 3522 490 3597 tiuare
528 3524 668 3598 curetis
708 3522 999 3602 Absolucionem
1045 3546 1138 3601 veru
1180 3530 1333 3603 omnium
1368 3540 1406 3604 et
1437 3529 1662 3629 singulorum
1697 3528 1759 3629 qni

363 3617 530 3720 prefatas
554 3634 701 3699 nostres
726 3624 938 3701 sentencias
973 3636 1037 3699 aut
1072 3644 1195 3701 earum
1230 3627 1383 3728 aliquam
1416 3622 1634 3705 incurrerint
1666 3650 1757 3729 quo·

363 3716 546 3817 quomodo
580 3722 687 3798 uobis
721 3724 785 3800 uel
810 3723 993 3825 superiori
1029 3738 1157 3803 nostro
1192 3723 1410 3805 tntummodo
1445 3750 1682 3807 reseruamns
1711 3726 1755 3803 Io

363 3838 515 3916 quorum
541 3822 694 3897 omnium
719 3835 757 3899 et
781 3823 1009 3923 singulorum
1032 3822 1142 3900 iidem
1168 3840 1205 3903 et
1229 3829 1472 3904 testimouium
1496 3828 1756 3929 premissorum

362 3928 563 4017 presentes
588 3943 731 4021 quoqne
757 3933 903 3999 neuras
936 3920 1067 4000 literas
1100 3926 1183 4001 siue
1219 3948 1378 4027 presens
1403 3926 1587 4030 publicum
1612 3928 1756 4005 lustru·

360 4026 560 4092 mentorum
586 4015 793 4099 huiusmodi
819 4032 979 4101 nostram
1005 4026 1221 4103 citacionem
1252 4028 1288 4101 in
1322 4050 1367 4103 se
1405 4031 1635 4107 continentes
1669 4030 1754 4103 siue

360 4116 554 4193 continens
579 4118 720 4198 exinde
744 4122 826 4199 lieri
852 4137 890 4201 et
914 4146 983 4225 per
1008 4122 1178 4225 Tycuam
1207 4122 1400 4203 Notarium
1434 4126 1620 4231 publicum
1647 4140 1755 4229 atque
