4209 5034
414 544 517 651 234
972 561 1243 649 Munenta

417 816 488 872 non
514 815 703 897 generoso
730 784 912 871 Vdalrieo
937 788 1025 870 duoi
1048 790 1097 869 de
1116 794 1231 871 Tenlr
1256 798 1489 893 strenuisque
1508 792 1728 873 llberbardo
1755 792 1805 873 de

163 943 166 956 ι
321 947 338 987 s·
417 896 569 973 landaw
594 896 802 995 lieringero
836 893 886 969 de
911 893 1122 994 leymberg,
1156 894 1291 971 Jnanni
1323 894 1373 971 de
1405 896 1576 973 Hoibnoh
1603 908 1642 973 ot
1664 896 1805 995 ligolio

418 991 468 1072 de
501 994 778 1095 Schellenberg
808 994 982 1069 militibus
1018 994 1183 1073 liudolfo
1224 1008 1262 1070 et
1302 994 1458 1071 Alberto
1493 997 1540 1071 de
1574 992 1805 1091 Boebentau‚

418 1096 603 1172 Wolffoni
629 1094 677 1170 de
706 1094 925 1191 Gratinegk,
949 1093 1129 1170 Hilboldo
1153 1095 1202 1170 de
1227 1095 1473 1195 Knoeringen
1508 1108 1544 1171 et
1571 1098 1654 1171 eius
1680 1096 1808 1171 iratri-
1906 1130 1919 1140 ·
2022 1116 2025 1119 ’

419 1194 518 1286 bus,
551 1194 734 1271 Vdalrico
760 1194 809 1272 de
835 1192 1036 1275 Viltebaeb
1063 1189 1270 1271 Frederioo
1297 1196 1520 1293 Burggrauii
1561 1206 1600 1270 et
1635 1195 1804 1295 Georgia

420 1294 527 1397 ploss
552 1294 768 1394 armigeris,v
788 1316 833 1369 ao
857 1293 1028 1393 prouidis
1063 1296 1157 1367 viris
1191 1297 1376 1393 magistris
1409 1297 1542 1376 ciuium
1576 1292 1806 1373 Consulibus
1883 1366 1887 1373 .

418 1394 707 1495 proconsulibus
740 1392 932 1471 aduocatis
957 1389 1172 1493 Capituneis
1196 1390 1399 1470 Judtetbus·
1420 1392 1604 1471 scultetis
1629 1394 1813 1473 Seabinis

420 1490 578 1571 Ciuibus
618 1494 830 1570 ciuilitatenr
868 1492 1087 1570 habentibus
1125 1493 1321 1592 inquilinis
1362 1496 1601 1593 omnibusque
1640 1495 1725 1569 aliis
1769 1506 1807 1571 et

415 1594 655 1693 singulariter
678 1592 851 1693 singulis*
874 1593 1021 1668 ciuibus
1057 1604 1093 1667 et
1126 1592 1265 1668 ineolis
1297 1615 1440 1669 neonon
1473 1592 1696 1669 officialibus
1738 1586 1807 1671 ot-

418 1694 542 1768 uitatis
568 1692 823 1792 Argustensis
864 1703 902 1766 et
932 1693 1127 1793 presertim
1159 1690 1296 1768 loanni
1336 1693 1384 1767 de
1416 1692 1587 1785 Radalo,
1624 1692 1807 1769 Vdalrioo

419 1788 672 1885 Contzelman,
699 1790 922 1869 Sebastiano
946 1791 1100 1890 11sung,
1131 1790 1266 1868 Joauni
1302 1791 1401 1869 dioto
1434 1792 1547 1869 mittin
1583 1795 1807 1869 Heumanno

419 1906 457 1969 et
481 1891 596 1969 Petro
620 1893 679 1967 lan
709 1892 866 1967 emantel
892 1891 1058 2009 Gabrieli
1075 1892 1240 2007 ilenrico
1267 1904 1305 1968 et
1330 1888 1506 1967 Conrado
1531 1892 1685 1991 vogelin
1705 1892 1807 1968 ller-

416 1988 650 2167 ttulit
672 2012 816 2167 aiiii
840 1988 1690 2190 ituit-tituil'liutdulfus
1716 2016 1808 2168 „tt

418 2186 564 2267 sifrido
590 2188 812 2266 Eberhardo
846 2202 886 2265 et
917 2190 1075 2267 Alberto
1107 2192 1228 2267 lieber
1259 2192 1371 2267 Petro
1409 2190 1639 2290 Beeliinger
1670 2190 1808 2285 Joanni

417 2288 589 2382 Subner,
625 2288 782 2366 Andree
815 2287 990 2382 Rebhnu,
1030 2288 1167 2366 Joanni
1202 2290 1370 2369 Gabrieli
1402 2290 1589 2371 frauoisoo
1622 2293 1735 2389 riglor
1772 2300 1809 2367 et

417 2385 595 2467 fratribus
622 2386 853 2481 eorundem,
884 2389 1051 2486 Georgia
1093 2403 1130 2467 et
1169 2390 1305 2467 Joanni
1340 2394 1598 2491 nangneister
1639 2392 1808 2491 Georgio

416 2483 550 2589 llsung
574 2486 743 2567 Henrieo
774 2488 1000 2567 snbmneker
1033 2487 1211 2567 Conrado
1237 2503 1408 2593 portuen,
1447 2490 1585 2566 Joarni
1607 2486 1808 2569 Eodorder

416 2580 561 2666 Jaoobo
585 2588 768 2683 flotberi,
794 2587 948 2689 symoni
973 2593 1232 2691 gossenbrott‚
1261 2587 1418 2689 Oaspnri
1445 2588 1677 2682 Wilbreeht,
1710 2592 1809 2666 Bar-

414 2685 599 2765 tholomeo
621 2690 793 2796 Weber,
819 2688 975 2796 Andree
996 2691 1095 2789 lang,
1113 2691 1281 2790 Georgia
1292 2788 1294 2795 y
1303 2692 1442 2793 pistor,
1459 2688 1579 2766 thorno
1595 2688 1807 2772 brisohueln

417 2786 594 2865 Conrado
626 2788 875 2879 soheneken,
916 2787 1052 2865 loanni
1083 2788 1222 2866 Keller
1254 2800 1294 2865 et
1324 2790 1498 2866 fratribus
1533 2791 1635 2882 suis,
1670 2791 1810 2866 Joanni
1867 2876 1876 2887 ι

416 2884 652 3005 alpershofer
677 2886 915 3059 eltiiratribus
940 2890 1033 2982 suis,
1050 2888 1178 3005 'pedro
1203 2888 1353 2979 Ridrer,
1378 2888 1513 3008 Joanni
1535 2890 1809 3009 langennantel

417 2984 1810 3206 dtttbttttrttttttrtttdttrbtttssbdtttt⁰ttet

417 3182 576 3262 uudotu
606 3184 706 3263 dioto
738 3184 873 3261 Zeller
907 3184 1056 3264 Joduoo
1089 3200 1127 3263 et
1149 3185 1495 3280 Vdalriooartzat,
1532 3188 1697 3266 ilenrico
1720 3188 1810 3264 Rott

418 3286 517 3363 dioto
543 3280 704 3389 Creyer,
731 3284 831 3363 dieto
857 3284 1152 3388 schneelringer,
1179 3285 1278 3365 dieto
1300 3288 1513 3387 Hudnngel,
1538 3288 1675 3363 Joanni
1693 3286 1808 3364 Wie-

272 3455 280 3467 ,
354 3438 385 3458 .,
416 3382 506 3463 land
532 3384 633 3463 dieto
660 3386 830 3464 dotznan
854 3384 1002 3475 Jodooo
1016 3386 1177 3464 Kraner
1192 3388 1307 3465 Petro
1322 3388 1530 3467 dnselrerer
1555 3388 1662 3465 dietis
1677 3387 1808 3463 Korn-

414 3486 544 3587 probst
569 3484 726 3562 Erasmo
748 3482 946 3587 pannioide
974 3486 1073 3565 dioto
1103 3490 1283 3589 Putinger
1299 3488 1460 3565 Nicolno
1486 3487 1680 3589 llnppeler
1705 3486 1806 3563 dioto

416 3598 557 3679 sturen,
583 3583 843 3661 Bartholomeo
869 3584 1000 3663 Horlin
1025 3588 1124 3664 dioto
1151 3590 1299 3681 merlin,
1324 3589 1460 3666 Joanni
1488 3588 1588 3663 Brun
1615 3599 1720 3689 petro
1746 3598 1805 3662 tu-

416 3680 509 3761 cher
532 3692 571 3761 et
593 3682 771 3762 ludouieo
795 3684 915 3787 Kung
948 3686 1090 3766 ciuibus
1123 3690 1427 3784 Angusteusibus
1453 3712 1499 3764 ao
1525 3686 1805 3789 quibuscunque

409 3781 501 3885 ,aliis
533 3786 707 3886 personis
740 3786 1013 3868 ecelesiasticis
1047 3800 1085 3863 et
1109 3788 1340 3865 secularibus
1374 3790 1534 3865 ciuitatis
1568 3800 1604 3864 et
1638 3786 1806 3863 dionesie

414 3884 479 3958 Au
532 3887 671 3961 stensis
696 3882 817 3962 eidem
844 3886 987 3963 domino
1022 3886 1211 3965 frederico
1239 3887 1452 3965 fauentibus
1479 3900 1516 3965 et
1541 3884 1805 3964 adherentibus
1858 3944 1865 3953 .

413 3978 459 4057 In
509 4004 556 4059 ae
580 3996 684 4086 parte
710 4007 755 4061 ao
783 3989 1090 4088 qneeunqne'res
1117 3998 1155 4065 et
1179 3992 1275 4065 bona
1293 3987 1340 4062 ad
1359 4010 1518 4065 mensam
1539 3986 1805 4089 Episcopatus

411 4082 694 4185 Angustensent
730 4089 947 4188 pertinentia
983 4082 1232 4165 detinentibus
1252 4138 1254 4145 ‹
1275 4093 1413 4189 pariter
1454 4100 1492 4164 et
1535 4086 1804 4189 oooupantibus

412 4184 651 4287 omnibusque
673 4186 758 4263 aliis
781 4199 818 4265 et
838 4186 997 4288 singolis
1020 4210 1172 4287 quorum
1188 4187 1347 4265 Interest
1369 4199 1432 4264 ant
1452 4189 1646 4264 Interesse
1667 4186 1808 4285 poterit
