4209 5034
340 539 342 544 ’
444 521 547 612 252
858 473 867 528 ³
1009 449 1286 606 Monumenta

404 851 410 858 ⁶
441 754 709 862 procuratoriis
741 760 997 930 comparentes
1027 763 1155 830 contra
1187 751 1400 832 alterutrius
1432 750 1530 830 Jura
1559 759 1598 824 et
1622 748 1822 826 munimenta

440 867 482 934 rt
519 852 708 958 prefertur
747 877 814 954 pro
843 864 927 930 uota
967 863 1004 928 et
1038 853 1193 953 repetita
1233 851 1465 954 generaliter
1497 849 1616 926 verbo
1648 851 1762 926 solum
1792 861 1824 928 et

441 953 628 1030 dumtaxat
662 956 876 1053 respective
908 963 1070 1054 exceptu
1085 1034 1091 1044 ¹
1107 947 1200 1028 Cum
1234 953 1502 1055 protestatione
1539 949 1587 1024 de
1621 949 1731 1027 latins
1762 974 1825 1028 eu·
1864 945 1881 974 ‘

441 1041 614 1156 cipiondo
641 1065 765 1130 contra
792 1054 922 1130 eadem
947 1050 1047 1128 facto
1072 1051 1221 1128 realiter
1247 1064 1284 1127 et
1309 1053 1347 1127 in
1380 1049 1532 1152 seriptis
1566 1051 1647 1124 suis
1678 1049 1761 1126 loco
1794 1059 1827 1127 et

442 1165 512 1230 tem
542 1175 608 1230 ore
634 1175 703 1228 con
732 1154 810 1228 ruis
837 1164 874 1228 et
899 1175 920 1226 o
947 1153 1088 1228 orionis
1113 1151 1156 1227 ln
1182 1151 1306 1229 ultimo
1333 1173 1426 1228 vero
1452 1149 1681 1226 terminorum
1708 1147 1826 1224 huius·

442 1176 542 1332 moll
577 1251 667 1326 dicti
746 1254 871 1348 agistri
908 1175 1101 1328 lohannes
1134 1250 1230 1328 fabri
1268 1249 1483 1328 etJPanlus
1515 1243 1634 1326 coner
1663 1247 1826 1326 hincinde

444 1361 705 1454 procuratores
731 1357 815 1428 sine
842 1349 988 1430 Sindici
1015 1351 1167 1426 termino
1198 1347 1248 1425 nd
1275 1347 1538 1426 declarandum
1570 1373 1639 1450 pro
1671 1349 1830 1450 partibus

444 1453 527 1530 suis
554 1453 767 1552 respectiue
794 1449 1063 1528 satisfaciendo
1079 1449 1267 1550 Magister
1282 1447 1475 1526 Johaunes
1500 1447 1594 1523 fabri
1619 1459 1827 1547 procurator

388 1583 392 1590 ·
444 1575 489 1628 se
515 1574 583 1650 pro
609 1561 694 1626 tunc
719 1549 770 1626 nil
795 1551 899 1627 velle
925 1552 963 1625 in
990 1573 1106 1626 cansa
1124 1547 1331 1626 huiusmodi
1354 1547 1547 1624 declarare
1570 1547 1664 1622 dixit
1685 1558 1723 1623 et
1741 1547 1828 1623 alle-

444 1651 548 1750 gavit
572 1647 715 1725 Paulus
741 1673 833 1726 uero
855 1643 974 1728 Celer
1000 1658 1220 1752 procurator
1241 1651 1324 1726 siue
1340 1646 1520 1727 Sindicus
1538 1647 1693 1724 termino
1709 1646 1829 1722 huius·

444 1745 542 1824 modi
582 1749 750 1824 similiter
789 1748 1059 1826 satisfaciendo
1100 1746 1314 1824 Nonnullos
1357 1745 1532 1826 articulos
1572 1743 1831 1823 declaratnrios

445 1847 599 1950 partium
624 1871 772 1922 suarum
796 1848 1046 1950 predictarum
1071 1847 1171 1924 sacto
1197 1846 1351 1924 realiter
1375 1857 1413 1923 ot
1437 1849 1475 1922 in
1500 1847 1650 1948 scriptis
1671 1844 1832 1924 exhibuit
1956 1852 1957 1855 ’

445 1956 556 2045 atque
583 1941 687 2021 dedit
720 1945 882 2048 Insuper
914 1942 1019 2022 ldem
1053 1945 1241 2048 Magister
1264 1943 1459 2023 Johannes
1496 1944 1590 2022 fahri
1621 1955 1832 2046 procurator
1956 1980 1957 2015 n

446 2047 530 2124 siue
556 2041 737 2121 Sindicus
763 2047 800 2121 iu
826 2047 978 2122 termino
1005 2041 1055 2122 ad
1078 2044 1281 2123 Jurandum
1316 2045 1367 2123 dc
1391 2041 1612 2146 calumpnia
1635 2045 1729 2124 dicti
1753 2044 1831 2120 Ma·
1956 2066 1957 2079 ¹

445 2142 554 2242 gistri
579 2142 690 2220 Pauli
716 2139 835 2222 Color
860 2143 1077 2223 exaduerso
1101 2147 1354 2249 procuratoris
1376 2148 1461 2223 sine
1479 2141 1626 2224 Sindici
1652 2153 1831 2224 contuma-

447 2243 540 2319 ciam
564 2244 758 2320 accusauit
782 2243 981 2347 ipsumque
1008 2257 1257 2322 contumacem
1292 2243 1539 2345 reputantis
1573 2246 1609 2320 in
1636 2248 1723 2323 eius
1748 2248 1831 2322 con·

446 2341 636 2422 tumaciam
673 2341 883 2422 huiusmodi
917 2347 1069 2422 termino
1102 2367 1171 2447 pro
1204 2346 1369 2446 partibus
1401 2347 1483 2421 anis
1514 2341 1697 2446 predictis
1728 2345 1833 2422 satis·

446 2439 624 2518 faciendo
648 2465 693 2519 se
715 2439 767 2518 ad
792 2442 1029 2546 prestandum
1056 2439 1277 2546 Calnmpnie
1310 2443 1559 2521 Juramentum
1591 2442 1731 2522 admitti
1764 2445 1834 2519 Per
1956 2462 1957 2469 ’

445 2559 519 2624 ¹nos
545 2541 724 2618 instanter
749 2541 950 2644 postulauit
974 2543 1063 2621 Nos
1088 2555 1175 2622 tunc
1198 2543 1332 2619 dictum
1346 2541 1565 2644 Magistrum
1582 2542 1739 2620 Paulum
1761 2538 1834 2619 Co·

308 2707 313 2724 ,
447 2638 508 2714 ler
531 2660 583 2716 ex
608 2639 771 2719 aduerso
790 2653 1066 2746 procuratorem
1087 2645 1171 2722 sine
1187 2641 1379 2722 Sindicnm
1404 2644 1441 2718 in
1465 2642 1590 2718 ultimo
1607 2646 1833 2719 terminorum

446 2733 659 2815 huiusmodi
684 2745 933 2842 reputauimns
957 2754 1172 2918 prodierat
1196 2750 1444 2820 contumacem
1481 2739 1533 2817 lut
1564 2743 1602 2816 iu
1639 2745 1724 2820 cius
1750 2765 1833 2818 con·

446 2839 634 2915 tumaciam
661 2835 881 2940 Magistrum
904 2841 955 2919 Jo

448 2935 1449 3131 Militis:ltilitlltltthtlllt‘it
1462 2941 1832 3118 ltiltltlti

446 3056 575 3209 Manu
599 3130 652 3208 ad
676 3126 880 3214 mandatum
904 3147 1064 3214 nostrum
1090 3148 1127 3215 et
1151 3139 1189 3215 in
1212 3143 1351 3218 nostris
1375 3141 1541 3218 manibus
1569 3141 1679 3216 tactis
1705 3160 1832 3269 corpo·

982 2835 1111 2919 amnem
1135 2841 1230 2919 fabri
1277 2854 1524 2920 rocuratorem
1547 2843 1632 2918 sine
1648 2839 1834 2920 Sindicuu

447 3231 584 3349 naliter·
600 3234 794 3352 scripturis
827 3239 1074 3314 sacrosanctis
1111 3237 1160 3314 ad
1184 3251 1315 3318 sancta
1347 3237 1409 3316 dei
1444 3239 1645 3338 evangelia
1678 3237 1728 3316 de
1760 3241 1832 3315 ha-

445 3328 611 3429 lnmpnrs
645 3333 795 3410 oranda
829 3345 866 3410 et
893 3339 1050 3414 veritate
1083 3337 1246 3415 dicenda
1284 3363 1365 3416 cum
1403 3339 1570 3416 omnihus
1610 3348 1648 3414 et
1683 3337 1831 3440 singulis
1957 3382 1958 3385 κ

447 3425 637 3522 clausulis
662 3441 700 3507 et
724 3427 907 3533 Capitulis
939 3437 977 3512 in
1009 3448 1049 3513 et
1078 3437 1148 3514 snb
1175 3431 1393 3538 Calumpnie
1417 3437 1632 3514 Juramento
1656 3437 1829 3516 contentis

445 3529 588 3606 solitum
624 3527 663 3604 in
688 3551 803 3608 causa
826 3529 1034 3612 huiusmodi
1059 3539 1218 3637 prestitit
1242 3533 1459 3640 Gaiumpnie
1483 3535 1732 3616 Juramentum
1753 3533 1829 3617 sm

449 3623 513 3702 die
539 3633 577 3701 et
601 3621 692 3702 hora
715 3628 971 3736 infrascriptis
998 3629 1307 3738 Comparentihus
1332 3639 1371 3714 in
1395 3635 1547 3713 Judicio
1570 3638 1744 3733 legittime
1768 3657 1829 3712 co·

447 3746 524 3800 ram
549 3723 656 3798 uobis
680 3725 886 3828 Mngistris¹
909 3726 1082 3812 Johaune
1114 3735 1209 3812 fabri
1235 3758 1390 3813 unacum
1414 3728 1619 3816 venerabili
1653 3740 1732 3814 viro
1764 3733 1827 3812 do-
1957 3794 1958 3799 ,

446 3819 702 3990 minchlricu
728 3825 777 3904 de
801 3829 1085 3952 Westersteten
1098 3829 1691 3956 ‘Canonicohngustensietiam
1716 3835 1827 3914 dicto·

447 3925 1176 4138 contulerantdeiecta
1227 3935 1827 4142 :indulcescunt

447 4135 517 4212 nnus
542 4131 683 4201 constat
707 4125 935 4252 documentis
961 4154 1011 4208 ex
1036 4156 1113 4210 nna
1138 4131 1433 4214 etPauloColer
1457 4130 1631 4215 hincinde
1655 4158 1825 4241 procum·
