4209 5034
690 529 958 635 episcopatus
987 527 1246 641 Augustam.
1585 513 1684 607 ’133

299 759 459 936 &mutis
484 755 545 836 dei
572 767 610 834 et
634 759 718 848 eins
740 759 908 856 gloriose
934 759 1126 860 genitricis
1146 757 1270 838 Mario
1283 758 1502 858 Toeinsque
1526 695 1683 834 ceiestis

340 859 420 934 urie
446 856 593 934 laudem
629 871 665 934 et
689 855 864 938 bonorem
889 861 951 938 Ao
986 881 1055 960 pro
1088 858 1176 936 dicti
1202 855 1367 938 Conradi
1392 855 1577 936 Scbcuck
1608 879 1686 932 om·

301 960 469 1058 uiamque
488 953 628 1036 Christi
651 954 813 1039 bdelium
838 961 1033 1038 animarum
1054 959 1175 1036 sainte
1198 970 1237 1039 et
1251 954 1417 1038 remedio
1432 970 1687 1061 peccatorum·

302 1080 374 1160 que
399 1057 798 1238 suomdmffllemigone
824 1071 862 1138 et
887 1060 1184 1236 ¹⁰¹¹¹ffi¹¹⁰.A⁰
1208 1059 1258 1138 ad
1283 1058 1397 1136 diuini
1417 1059 1538 1178 cuitus
1561 1059 1686 1176 inore·

301 1166 465 1360 titt
490 1172 932 1340 assidend'iiii‘iff
949 1160 1425 1362 opni‘r'i'bi‘p'iissiiii
1443 1180 1686 1335 {istite

303 1359 405 1452 cesis
431 1383 537 1439 suan
562 1361 706 1441 missam
731 1373 943 1462 perpetuam
966 1383 1035 1462 per
1071 1360 1274 1460 specialem
1308 1359 1517 1436 secularem
1542 1355 1686 1434 Sacer·

132 1521 146 1544 .
304 1455 426 1536 dotem
458 1453 589 1535 tutoris
629 1465 821 1564 perpetuis
853 1461 1077 1562 temporibus
1115 1455 1371 1537 celebrandam
1414 1458 1463 1535 de
1502 1458 1614 1534 rebus
1649 1465 1687 1536 ct

302 1559 409 1637 bonis
435 1581 503 1662 per
528 1559 661 1636 dictum
688 1561 864 1662 quondam
891 1557 1102 1640 Conradum
1123 1561 1270 1636 relictis
1292 1563 1522 1636 instituerunt
1548 1579 1686 1634 erexe-

303 1669 386 1734 runt
411 1657 608 1736 fundarunt
634 1674 671 1752 et
696 1661 851 1740 eandem
877 1662 982 1740 bouis
1008 1660 1314 1758 possessionibus
1335 1659 1510 1737 censibus
1536 1668 1575 1734 et
1599 1680 1687 1776 pro-

302 1759 472 1836 uautrbns
498 1783 565 1862 pro
591 1763 704 1842 vuius
716 1758 935 1882 Sacerdotis
960 1759 1464 1878 sustentacioneoongrnenti
1483 1756 1687 1881 donacnono

320 1858 1401 2064 uitibttt‘ttttttibdtitttiuittttttbut
1434 1857 1689 2034 mciii&

304 2053 483 2162 predictis
509 2082 577 2161 pro
603 2059 746 2139 iilarnm
780 2061 1029 2140 subsistencia
1063 2059 1216 2137 firmiori
1248 2060 1360 2136 robur
1391 2069 1516 2134 nostre
1554 2055 1689 2134 coubr-
1852 2115 1856 2120 .

304 2161 481 2238 nacionis
514 2159 683 2261 adjicere
717 2161 957 2262 dignaremur.
1004 2158 1091 2236 Nos
1122 2160 1236 2256 igitur
1271 2160 1335 2258 qni
1367 2157 1528 2234 diuinum
1554 2155 1690 2232 cnltnm
1835 2221 1842 2236 ,
1996 2262 2000 2270 ¹

304 2261 436 2358 rigere
471 2270 508 2334 et
532 2263 662 2360 augeri
694 2263 849 2338 intensis
882 2257 1085 2340 desideriis
1117 2257 1319 2335 decumus
1350 2279 1467 2357 super
1497 2256 1690 2358 premissis

304 2362 460 2439 narratis
484 2359 780 2438 informacionem
808 2363 1016 2464 recepimus
1041 2358 1283 2434 sufficientem
1319 2379 1388 2459 par
1418 2376 1523 2456 quam
1551 2355 1690 2452 Vtique

306 2459 409 2544 clare
434 2457 646 2536 Inuenimns
672 2463 791 2538 omnic
816 2474 854 2538 et
866 2461 1025 2557 singula
1053 2460 1235 2558 premissa
1257 2456 1343 2532 iore
1360 2456 1504 2532 retiati
1530 2453 1691 2532 subuixa

304 2559 393 2636 Nos
418 2561 540 2658 itaque
565 2561 663 2662 pium
688 2571 725 2638 et
748 2562 932 2640 sincerum
951 2558 1130 2636 dictorum
1152 2555 1383 2634 samsom
1402 2555 1628 2656 propositum
1652 2561 1691 2628 et

307 2661 475 2736 affectum
501 2659 691 2756 condignis
717 2664 754 2736 in
780 2659 929 2736 domiuo
949 2657 1124 2736 laudibus
1156 2654 1449 2734 conmendantes
1481 2649 1691 2728 buinsmodi

308 2759 647 2934 supgiicaoionibns
664 2759 826 2837 inclinati
849 2762 1115 2837 institucionem
1133 2755 1392 2832 fundaciouem
1407 2764 1445 2830 et
1460 2751 1691 2829 dotacionem

307 2881 376 2962 pre
404 2863 497 2936 ictas
524 2883 569 2937 ac
595 2862 709 2960 ipsam
735 2863 880 2936 missam
906 2872 1004 2938 ratas
1037 2870 1075 2936 et
1106 2869 1232 2957 gratas
1265 2855 1443 2932 babentes
1468 2876 1536 2930 eas
1562 2863 1691 2929 ancto-

308 2961 414 3058 ritate
430 2969 555 3035 nostra
569 2960 753 3040 ordinaria
767 2958 1055 3040 confirmabimus
1070 2957 1328 3035 ratibcnuimus
1344 2968 1381 3032 et
1396 2954 1692 3058 approbauimur,

308 3061 371 3136 Ac
397 3057 647 3137 confirmamus
674 3059 893 3138 ratificamus
927 3071 963 3135 et
994 3059 1238 3162 approbamus
1273 3058 1506 3158 presencium
1542 3075 1611 3155 per
1635 3063 1695 3128 te·

308 3183 434 3236 uorem
460 3159 573 3236 robur
604 3161 741 3237 firmum
776 3173 812 3237 et
849 3157 1047 3236 firmitatem
1084 3159 1295 3241 canonicam
1328 3155 1520 3259 perpetuis
1553 3166 1693 3252 tempo·

308 3261 413 3341 ribus
438 3258 685 3337 decernentes
711 3258 917 3350 babituros,
957 3257 1118 3336 Neeuou
1153 3281 1290 3334 census
1328 3267 1366 3332 et
1399 3253 1567 3330 redditus
1593 3247 1694 3325 dicte

308 3361 423 3436 misse
449 3369 487 3434 vt
538 3359 699 3436 refertur
724 3359 877 3439 donatos
904 3372 941 3434 et
966 3361 1173 3454 assignatos
1211 3371 1247 3433 et
1272 3376 1490 3455 quecunque
1527 3351 1624 3427 boua
1657 3351 1697 3422 iu

255 3457 260 3466 ’
309 3459 469 3536 futurum
496 3383 665 3538 AEsueuda
680 3473 717 3538 et
742 3453 966 3560 assignanda
982 3458 1104 3535 eidem
1124 3460 1239 3533 misse
1255 3454 1496 3530 annexuimus
1513 3451 1695 3556 vniuinus

312 3571 351 3636 et
373 3561 698 3662 incorporabimus,
724 3563 787 3638 Ae
812 3562 1035 3637 annectimus
1072 3559 1216 3633 suimus
1251 3566 1289 3630 et
1320 3557 1599 3654 incorporamus
1629 3572 1697 3652 per

310 3671 519 3763 presentes,
542 3657 673 3762 anue
689 3661 878 3736 eximimus
897 3659 943 3736 ab
969 3659 1064 3736 omni
1089 3679 1204 3734 onere
1219 3655 1317 3731 laice
1342 3652 1534 3756 potestatis
1548 3649 1697 3726 Decer-

311 3771 443 3836 ueutes
468 3760 521 3837 Vt
553 3757 761 3836 huiusmodi
792 3763 905 3837 missa
939 3781 1020 3836 cum
1053 3755 1201 3834 dotibus
1236 3755 1318 3830 suis
1356 3765 1393 3829 et
1431 3752 1625 3827 emunitate
1660 3759 1727 3826 et'

311 3869 439 3936 nostra
475 3884 525 3936 ac
546 3856 818 3982 Speeeasoruun
850 3870 1057 3936 nostrornm
1091 3869 1129 3933 et
1163 3854 1425 3932 ecclesiastica
1463 3851 1634 3927 libertate
1659 3859 1698 3924 et

310 3961 471 4038 tuicione
495 3972 674 4062 perpetuo
698 3958 866 4060 gaudere
891 3955 1026 4037 debeat
1051 3981 1123 4058 qua
1147 3956 1222 4033 aiia
1237 3953 1423 4032 beneficia
1437 3949 1700 4028 ecelesiastica

311 4081 382 4162 per
406 4071 564 4137 nostram
590 4059 780 4144 diocesem
805 4059 991 4161 gaudeant
1027 4056 1243 4160 specialiter
1276 4067 1314 4132 et
1350 4062 1518 4130 tueantur
1543 4049 1593 4126 bit
1623 4061 1701 4124 sta·

313 4157 450 4237 tuendo
484 4183 531 4237 ac
569 4155 774 4237 ordinando
806 4159 983 4245 'volumus
1018 4169 1056 4234 et
1097 4155 1331 4234 decernimus
1368 4151 1467 4255 quod
1501 4145 1702 4246 Juspatro·
