<?xml version="1.0" encoding="UTF-8"?>
<!DOCTYPE html PUBLIC "-//W3C//DTD XHTML 1.0 Transitional//EN"
    "http://www.w3.org/TR/xhtml1/DTD/xhtml1-transitional.dtd">
<html xmlns="http://www.w3.org/1999/xhtml" xml:lang="en" lang="en">
 <head>
  <title>
</title>
<meta http-equiv="Content-Type" content="text/html;charset=utf-8" />
  <meta name='ocr-system' content='tesseract 3.04.00' />
  <meta name='ocr-capabilities' content='ocr_page ocr_carea ocr_par ocr_line ocrx_word'/>
</head>
<body>
  <div class='ocr_page' id='page_1' title='image "./monumentaboicae20landgoog_0384.png"; bbox 0 0 4209 5034; ppageno 0'>
   <div class='ocr_carea' id='block_1_1' title="bbox 702 497 1709 612">
    <p class='ocr_par' dir='ltr' id='par_1_1' title="bbox 702 497 1709 612">
     <span class='ocr_line' id='line_1_1' title="bbox 702 497 1709 612; baseline -0.016 -28"><span class='ocrx_word' id='word_1_1' title='bbox 702 499 969 608; x_wconf 75' lang='lat' dir='ltr'>episcopatu</span> <span class='ocrx_word' id='word_1_2' title='bbox 998 497 1260 612; x_wconf 69' lang='lat' dir='ltr'>Augustani.</span> <span class='ocrx_word' id='word_1_3' title='bbox 1603 499 1709 587; x_wconf 75' lang='lat' dir='ltr'>m</span> 
     </span>
    </p>
   </div>
   <div class='ocr_carea' id='block_1_2' title="bbox 311 725 1752 3221">
    <p class='ocr_par' dir='ltr' id='par_1_2' title="bbox 311 725 1752 2722">
     <span class='ocr_line' id='line_1_2' title="bbox 318 725 1708 832; baseline 0.001 -24"><span class='ocrx_word' id='word_1_4' title='bbox 318 753 395 808; x_wconf 78' lang='lat' dir='ltr'>rum</span> <span class='ocrx_word' id='word_1_5' title='bbox 419 725 647 823; x_wconf 83' lang='lat' dir='ltr'>insolidum,</span> <span class='ocrx_word' id='word_1_6' title='bbox 671 730 724 807; x_wconf 80' lang='lat' dir='ltr'>tu</span> <span class='ocrx_word' id='word_1_7' title='bbox 748 729 845 832; x_wconf 78' lang='lat' dir='ltr'>quod</span> <span class='ocrx_word' id='word_1_8' title='bbox 873 753 942 807; x_wconf 85' lang='lat' dir='ltr'>non</span> <span class='ocrx_word' id='word_1_9' title='bbox 969 732 1017 804; x_wconf 89' lang='lat' dir='ltr'>sit</span> <span class='ocrx_word' id='word_1_10' title='bbox 1044 729 1170 807; x_wconf 88' lang='lat' dir='ltr'>melior</span> <span class='ocrx_word' id='word_1_11' title='bbox 1194 729 1358 809; x_wconf 85' lang='lat' dir='ltr'>contlitio</span> <span class='ocrx_word' id='word_1_12' title='bbox 1564 733 1575 752; x_wconf 79' lang='lat'><strong><em>&#39;</em></strong></span> <span class='ocrx_word' id='word_1_13' title='bbox 1634 732 1708 826; x_wconf 77' lang='lat' dir='ltr'>seul</span> 
     </span>
     <span class='ocr_line' id='line_1_3' title="bbox 319 827 1707 934; baseline 0.002 -29"><span class='ocrx_word' id='word_1_14' title='bbox 319 827 417 934; x_wconf 69' lang='lat' dir='ltr'>quod</span> <span class='ocrx_word' id='word_1_15' title='bbox 441 853 538 906; x_wconf 87' lang='lat' dir='ltr'>vous</span> <span class='ocrx_word' id='word_1_16' title='bbox 565 849 691 906; x_wconf 91' lang='lat' dir='ltr'>eorum</span> <span class='ocrx_word' id='word_1_17' title='bbox 712 833 905 934; x_wconf 75' lang='lat' dir='ltr'>inceperit,</span> <span class='ocrx_word' id='word_1_18' title='bbox 931 830 1025 906; x_wconf 93' lang='lat' dir='ltr'>alter</span> <span class='ocrx_word' id='word_1_19' title='bbox 1050 833 1226 934; x_wconf 79' lang='lat' dir='ltr'><strong>prosequi</strong></span> <span class='ocrx_word' id='word_1_20' title='bbox 1252 831 1376 907; x_wconf 78' lang='lat' dir='ltr'>valeat</span> <span class='ocrx_word' id='word_1_21' title='bbox 1401 843 1439 908; x_wconf 86' lang='lat' dir='ltr'>et</span> <span class='ocrx_word' id='word_1_22' title='bbox 1490 834 1587 923; x_wconf 91' lang='lat' dir='ltr'>nire,</span> <span class='ocrx_word' id='word_1_23' title='bbox 1620 831 1707 908; x_wconf 72' lang='lat' dir='ltr'>tlon</span> 
     </span>
     <span class='ocr_line' id='line_1_4' title="bbox 318 927 1705 1032; baseline 0.003 -26"><span class='ocrx_word' id='word_1_24' title='bbox 318 943 355 1006; x_wconf 86' lang='lat' dir='ltr'>et</span> <span class='ocrx_word' id='word_1_25' title='bbox 380 930 548 1030; x_wconf 83' lang='lat' dir='ltr'>quotiens</span> <span class='ocrx_word' id='word_1_26' title='bbox 573 927 815 1032; x_wconf 73' lang='lat' dir='ltr'>saepedicto</span> <span class='ocrx_word' id='word_1_27' title='bbox 842 929 1067 1007; x_wconf 82' lang='lat' dir='ltr'>(lunelliario</span> <span class='ocrx_word' id='word_1_28' title='bbox 1092 951 1230 1026; x_wconf 83' lang='lat' dir='ltr'>nostro,</span> <span class='ocrx_word' id='word_1_29' title='bbox 1258 943 1321 1008; x_wconf 79' lang='lat' dir='ltr'>unt</span> <span class='ocrx_word' id='word_1_30' title='bbox 1345 934 1430 1008; x_wconf 86' lang='lat' dir='ltr'>eius</span> <span class='ocrx_word' id='word_1_31' title='bbox 1453 927 1705 1024; x_wconf 54' lang='lat' dir='ltr'>succensorie</span> 
     </span>
     <span class='ocr_line' id='line_1_5' title="bbox 315 1027 1702 1133; baseline 0.001 -27"><span class='ocrx_word' id='word_1_32' title='bbox 315 1031 387 1106; x_wconf 86' lang='lat' dir='ltr'>bus</span> <span class='ocrx_word' id='word_1_33' title='bbox 411 1027 583 1131; x_wconf 81' lang='lat' dir='ltr'>prefatis,</span> <span class='ocrx_word' id='word_1_34' title='bbox 615 1053 729 1133; x_wconf 89' lang='lat' dir='ltr'>super</span> <span class='ocrx_word' id='word_1_35' title='bbox 763 1053 810 1108; x_wconf 87' lang='lat' dir='ltr'>eo</span> <span class='ocrx_word' id='word_1_36' title='bbox 842 1029 977 1106; x_wconf 90' lang='lat' dir='ltr'>fuerint</span> <span class='ocrx_word' id='word_1_37' title='bbox 1011 1032 1197 1130; x_wconf 76' lang='lat' dir='ltr'>requisiti,</span> <span class='ocrx_word' id='word_1_38' title='bbox 1231 1029 1470 1126; x_wconf 83' lang='lat' dir='ltr'>inuatleutes,</span> <span class='ocrx_word' id='word_1_39' title='bbox 1504 1031 1702 1123; x_wconf 80' lang='lat' dir='ltr'>turbantes,</span> 
     </span>
     <span class='ocr_line' id='line_1_6' title="bbox 315 1124 1703 1233; baseline 0.001 -27"><span class='ocrx_word' id='word_1_40' title='bbox 315 1124 559 1218; x_wconf 77' lang='lat' dir='ltr'>offendentes,</span> <span class='ocrx_word' id='word_1_41' title='bbox 583 1129 646 1204; x_wconf 84' lang='lat' dir='ltr'>rel</span> <span class='ocrx_word' id='word_1_42' title='bbox 672 1130 800 1208; x_wconf 89' lang='lat' dir='ltr'>illicite</span> <span class='ocrx_word' id='word_1_43' title='bbox 826 1131 1073 1232; x_wconf 72' lang='lat' dir='ltr'>opprimentes</span> <span class='ocrx_word' id='word_1_44' title='bbox 1098 1133 1225 1233; x_wconf 88' lang='lat' dir='ltr'>ipsos,</span> <span class='ocrx_word' id='word_1_45' title='bbox 1251 1130 1452 1208; x_wconf 86' lang='lat' dir='ltr'>ecclesiam</span> <span class='ocrx_word' id='word_1_46' title='bbox 1477 1133 1639 1232; x_wconf 86' lang='lat' dir='ltr'>ipsorum</span> <span class='ocrx_word' id='word_1_47' title='bbox 1664 1143 1703 1207; x_wconf 90' lang='lat' dir='ltr'>et</span> 
     </span>
     <span class='ocr_line' id='line_1_7' title="bbox 316 1225 1701 1324; baseline -0.001 -18"><span class='ocrx_word' id='word_1_48' title='bbox 316 1251 443 1306; x_wconf 90' lang='lat' dir='ltr'>eorum</span> <span class='ocrx_word' id='word_1_49' title='bbox 467 1225 652 1320; x_wconf 88' lang='lat' dir='ltr'>homines,</span> <span class='ocrx_word' id='word_1_50' title='bbox 686 1225 873 1324; x_wconf 81' lang='lat' dir='ltr'>vasallos,</span> <span class='ocrx_word' id='word_1_51' title='bbox 900 1228 1110 1324; x_wconf 80' lang='lat' dir='ltr'>vasalagio,</span> <span class='ocrx_word' id='word_1_52' title='bbox 1136 1229 1360 1320; x_wconf 78' lang='lat' dir='ltr'>familiares,</span> <span class='ocrx_word' id='word_1_53' title='bbox 1386 1228 1549 1320; x_wconf 80' lang='lat' dir='ltr'>iudicia,</span> <span class='ocrx_word' id='word_1_54' title='bbox 1574 1230 1701 1306; x_wconf 89' lang='lat' dir='ltr'>Juris·</span> 
     </span>
     <span class='ocr_line' id='line_1_8' title="bbox 316 1323 1703 1428; baseline 0.001 -26"><span class='ocrx_word' id='word_1_55' title='bbox 316 1323 510 1419; x_wconf 81' lang='lat' dir='ltr'>dictiones,</span> <span class='ocrx_word' id='word_1_56' title='bbox 536 1349 656 1403; x_wconf 81' lang='lat' dir='ltr'>meres</span> <span class='ocrx_word' id='word_1_57' title='bbox 682 1343 719 1406; x_wconf 93' lang='lat' dir='ltr'>et</span> <span class='ocrx_word' id='word_1_58' title='bbox 744 1331 875 1407; x_wconf 88' lang='lat' dir='ltr'>mixtas</span> <span class='ocrx_word' id='word_1_59' title='bbox 898 1325 1044 1405; x_wconf 84' lang='lat' dir='ltr'>Ciuiles</span> <span class='ocrx_word' id='word_1_60' title='bbox 1069 1342 1107 1404; x_wconf 89' lang='lat' dir='ltr'>et</span> <span class='ocrx_word' id='word_1_61' title='bbox 1132 1330 1351 1416; x_wconf 72' lang='lat' dir='ltr'>criminales,</span> <span class='ocrx_word' id='word_1_62' title='bbox 1376 1327 1552 1420; x_wconf 91' lang='lat' dir='ltr'>bonores,</span> <span class='ocrx_word' id='word_1_63' title='bbox 1578 1327 1703 1428; x_wconf 74' lang='lat' dir='ltr'>digni·</span> 
     </span>
     <span class='ocr_line' id='line_1_9' title="bbox 316 1425 1701 1530; baseline -0.001 -26"><span class='ocrx_word' id='word_1_64' title='bbox 316 1440 421 1512; x_wconf 76' lang='lat' dir='ltr'>tates,</span> <span class='ocrx_word' id='word_1_65' title='bbox 447 1427 643 1530; x_wconf 82' lang='lat' dir='ltr'>priuilegio</span> <span class='ocrx_word' id='word_1_66' title='bbox 667 1427 866 1521; x_wconf 77' lang='lat' dir='ltr'>libertates,</span> <span class='ocrx_word' id='word_1_67' title='bbox 892 1429 987 1504; x_wconf 86' lang='lat' dir='ltr'>Jure</span> <span class='ocrx_word' id='word_1_68' title='bbox 1013 1429 1217 1528; x_wconf 79' lang='lat' dir='ltr'>spiritualia</span> <span class='ocrx_word' id='word_1_69' title='bbox 1243 1443 1279 1504; x_wconf 92' lang='lat' dir='ltr'>et</span> <span class='ocrx_word' id='word_1_70' title='bbox 1305 1428 1542 1530; x_wconf 79' lang='lat' dir='ltr'>temporalia,</span> <span class='ocrx_word' id='word_1_71' title='bbox 1576 1425 1701 1528; x_wconf 77' lang='lat' dir='ltr'>Opitla</span> 
     </span>
     <span class='ocr_line' id='line_1_10' title="bbox 317 1523 1699 1622; baseline -0.001 -19"><span class='ocrx_word' id='word_1_72' title='bbox 317 1523 463 1621; x_wconf 78' lang='lat' dir='ltr'>Castro,</span> <span class='ocrx_word' id='word_1_73' title='bbox 489 1525 610 1620; x_wconf 84' lang='lat' dir='ltr'>villos,</span> <span class='ocrx_word' id='word_1_74' title='bbox 637 1541 770 1622; x_wconf 81' lang='lat' dir='ltr'>terras,</span> <span class='ocrx_word' id='word_1_75' title='bbox 798 1529 998 1620; x_wconf 83' lang='lat' dir='ltr'>districtus,</span> <span class='ocrx_word' id='word_1_76' title='bbox 1026 1527 1130 1619; x_wconf 86' lang='lat' dir='ltr'>bona,</span> <span class='ocrx_word' id='word_1_77' title='bbox 1157 1529 1325 1618; x_wconf 85' lang='lat' dir='ltr'>tlontinia,</span> <span class='ocrx_word' id='word_1_78' title='bbox 1344 1550 1494 1610; x_wconf 85' lang='lat' dir='ltr'>census,</span> <span class='ocrx_word' id='word_1_79' title='bbox 1514 1526 1699 1619; x_wconf 75' lang='lat' dir='ltr'>velitatus,</span> 
     </span>
     <span class='ocr_line' id='line_1_11' title="bbox 316 1621 1702 1728; baseline -0.003 -24"><span class='ocrx_word' id='word_1_80' title='bbox 316 1621 496 1720; x_wconf 79' lang='lat' dir='ltr'>redditus,</span> <span class='ocrx_word' id='word_1_81' title='bbox 522 1626 784 1720; x_wconf 90' lang='lat' dir='ltr'>obuentiones,</span> <span class='ocrx_word' id='word_1_82' title='bbox 812 1628 1070 1720; x_wconf 89' lang='lat' dir='ltr'>emolumenta,</span> <span class='ocrx_word' id='word_1_83' title='bbox 1097 1630 1382 1728; x_wconf 83' lang='lat' dir='ltr'>possessiones,</span> <span class='ocrx_word' id='word_1_84' title='bbox 1414 1625 1564 1728; x_wconf 86' lang='lat' dir='ltr'>predia,</span> <span class='ocrx_word' id='word_1_85' title='bbox 1590 1627 1702 1700; x_wconf 83' lang='lat' dir='ltr'>rueti-</span> 
     </span>
     <span class='ocr_line' id='line_1_12' title="bbox 316 1724 1702 1830; baseline -0.004 -26"><span class='ocrx_word' id='word_1_86' title='bbox 316 1749 408 1804; x_wconf 82' lang='lat' dir='ltr'>cttnu</span> <span class='ocrx_word' id='word_1_87' title='bbox 426 1737 471 1802; x_wconf 78' lang='lat' dir='ltr'>et</span> <span class='ocrx_word' id='word_1_88' title='bbox 494 1724 650 1820; x_wconf 83' lang='lat' dir='ltr'>vrbsua,</span> <span class='ocrx_word' id='word_1_89' title='bbox 676 1728 819 1806; x_wconf 87' lang='lat' dir='ltr'>forestu</span> <span class='ocrx_word' id='word_1_90' title='bbox 844 1743 880 1804; x_wconf 87' lang='lat' dir='ltr'>et</span> <span class='ocrx_word' id='word_1_91' title='bbox 906 1727 1120 1830; x_wconf 86' lang='lat' dir='ltr'>wiltpenna,</span> <span class='ocrx_word' id='word_1_92' title='bbox 1145 1749 1191 1804; x_wconf 79' lang='lat' dir='ltr'>uc</span> <span class='ocrx_word' id='word_1_93' title='bbox 1216 1751 1279 1806; x_wconf 88' lang='lat' dir='ltr'>res</span> <span class='ocrx_word' id='word_1_94' title='bbox 1304 1726 1519 1804; x_wconf 82' lang='lat' dir='ltr'>mobiles&#39;et</span> <span class='ocrx_word' id='word_1_95' title='bbox 1537 1724 1702 1803; x_wconf 82' lang='lat' dir='ltr'>immobi-</span> 
     </span>
     <span class='ocr_line' id='line_1_13' title="bbox 315 1818 1699 1928; baseline 0.001 -31"><span class='ocrx_word' id='word_1_96' title='bbox 315 1822 383 1919; x_wconf 85' lang='lat' dir='ltr'>les,</span> <span class='ocrx_word' id='word_1_97' title='bbox 410 1839 449 1901; x_wconf 89' lang='lat' dir='ltr'>ut</span> <span class='ocrx_word' id='word_1_98' title='bbox 472 1823 669 1928; x_wconf 82' lang='lat' dir='ltr'>prefertur,</span> <span class='ocrx_word' id='word_1_99' title='bbox 696 1828 811 1906; x_wconf 81' lang='lat' dir='ltr'>citare</span> <span class='ocrx_word' id='word_1_100' title='bbox 838 1839 875 1903; x_wconf 89' lang='lat' dir='ltr'>et</span> <span class='ocrx_word' id='word_1_101' title='bbox 899 1830 934 1902; x_wconf 92' lang='lat' dir='ltr'>in</span> <span class='ocrx_word' id='word_1_102' title='bbox 963 1829 1086 1904; x_wconf 85' lang='lat' dir='ltr'>causis</span> <span class='ocrx_word' id='word_1_103' title='bbox 1110 1825 1317 1904; x_wconf 82' lang='lat' dir='ltr'>huiusmodi</span> <span class='ocrx_word' id='word_1_104' title='bbox 1346 1825 1563 1927; x_wconf 81' lang='lat' dir='ltr'>simpliciter</span> <span class='ocrx_word' id='word_1_105' title='bbox 1586 1837 1625 1900; x_wconf 89' lang='lat' dir='ltr'>et</span> <span class='ocrx_word' id='word_1_106' title='bbox 1649 1818 1699 1898; x_wconf 86' lang='lat' dir='ltr'>tle</span> 
     </span>
     <span class='ocr_line' id='line_1_14' title="bbox 314 1921 1700 2030; baseline -0.001 -32"><span class='ocrx_word' id='word_1_107' title='bbox 314 1923 422 2026; x_wconf 84' lang='lat' dir='ltr'>pleno</span> <span class='ocrx_word' id='word_1_108' title='bbox 449 1939 486 2001; x_wconf 91' lang='lat' dir='ltr'>et</span> <span class='ocrx_word' id='word_1_109' title='bbox 510 1924 653 2026; x_wconf 85' lang='lat' dir='ltr'>absque</span> <span class='ocrx_word' id='word_1_110' title='bbox 678 1930 830 2030; x_wconf 87' lang='lat' dir='ltr'>strepitu</span> <span class='ocrx_word' id='word_1_111' title='bbox 858 1941 895 2002; x_wconf 90' lang='lat' dir='ltr'>et</span> <span class='ocrx_word' id='word_1_112' title='bbox 920 1923 1037 2025; x_wconf 82' lang='lat' dir='ltr'>ligura</span> <span class='ocrx_word' id='word_1_113' title='bbox 1062 1923 1224 2022; x_wconf 81' lang='lat' dir='ltr'>ludicii,</span> <span class='ocrx_word' id='word_1_114' title='bbox 1259 1929 1363 2003; x_wconf 81' lang='lat' dir='ltr'>iuxta</span> <span class='ocrx_word' id='word_1_115' title='bbox 1390 1923 1533 2000; x_wconf 80' lang='lat' dir='ltr'>inodom</span> <span class='ocrx_word' id='word_1_116' title='bbox 1559 1936 1596 1998; x_wconf 90' lang='lat' dir='ltr'>et</span> <span class='ocrx_word' id='word_1_117' title='bbox 1620 1921 1700 1998; x_wconf 89' lang='lat' dir='ltr'>for-</span> 
     </span>
     <span class='ocr_line' id='line_1_15' title="bbox 314 2019 1699 2126; baseline 0 -28"><span class='ocrx_word' id='word_1_118' title='bbox 314 2049 402 2098; x_wconf 87' lang='lat' dir='ltr'>mam</span> <span class='ocrx_word' id='word_1_119' title='bbox 427 2023 583 2120; x_wconf 78' lang='lat' dir='ltr'>Regulis</span> <span class='ocrx_word' id='word_1_120' title='bbox 609 2019 727 2103; x_wconf 85' lang='lat' dir='ltr'>Curie</span> <span class='ocrx_word' id='word_1_121' title='bbox 753 2027 876 2104; x_wconf 87' lang='lat' dir='ltr'>debite</span> <span class='ocrx_word' id='word_1_122' title='bbox 902 2021 1110 2126; x_wconf 85' lang='lat' dir='ltr'>procedere</span> <span class='ocrx_word' id='word_1_123' title='bbox 1143 2043 1181 2101; x_wconf 91' lang='lat' dir='ltr'>et</span> <span class='ocrx_word' id='word_1_124' title='bbox 1214 2027 1262 2102; x_wconf 91' lang='lat' dir='ltr'>de</span> <span class='ocrx_word' id='word_1_125' title='bbox 1297 2025 1452 2104; x_wconf 84' lang='lat' dir='ltr'>offensis</span> <span class='ocrx_word' id='word_1_126' title='bbox 1488 2037 1523 2100; x_wconf 91' lang='lat' dir='ltr'>et</span> <span class='ocrx_word' id='word_1_127' title='bbox 1549 2021 1699 2098; x_wconf 76' lang='lat' dir='ltr'>loiunis</span> 
     </span>
     <span class='ocr_line' id='line_1_16' title="bbox 314 2121 1699 2228; baseline -0.002 -30"><span class='ocrx_word' id='word_1_128' title='bbox 314 2126 383 2199; x_wconf 89' lang='lat' dir='ltr'>rite</span> <span class='ocrx_word' id='word_1_129' title='bbox 410 2145 655 2224; x_wconf 80' lang='lat' dir='ltr'>cognoscere,</span> <span class='ocrx_word' id='word_1_130' title='bbox 681 2127 856 2228; x_wconf 86' lang='lat' dir='ltr'>ipsosque</span> <span class='ocrx_word' id='word_1_131' title='bbox 882 2125 1084 2200; x_wconf 82' lang='lat' dir='ltr'>lnuasores</span> <span class='ocrx_word' id='word_1_132' title='bbox 1109 2125 1328 2218; x_wconf 87' lang='lat' dir='ltr'>offensores,</span> <span class='ocrx_word' id='word_1_133' title='bbox 1358 2124 1545 2199; x_wconf 86' lang='lat' dir='ltr'>turbantes</span> <span class='ocrx_word' id='word_1_134' title='bbox 1572 2134 1609 2196; x_wconf 91' lang='lat' dir='ltr'>et</span> <span class='ocrx_word' id='word_1_135' title='bbox 1634 2121 1699 2196; x_wconf 91' lang='lat' dir='ltr'>ln·</span> 
     </span>
     <span class='ocr_line' id='line_1_17' title="bbox 313 2221 1699 2344; baseline -0.002 -46"><span class='ocrx_word' id='word_1_136' title='bbox 313 2224 488 2300; x_wconf 85' lang='lat' dir='ltr'>iuriantes</span> <span class='ocrx_word' id='word_1_137' title='bbox 514 2221 560 2299; x_wconf 91' lang='lat' dir='ltr'>ab</span> <span class='ocrx_word' id='word_1_138' title='bbox 587 2245 711 2300; x_wconf 90' lang='lat' dir='ltr'>eorum</span> <span class='ocrx_word' id='word_1_139' title='bbox 736 2225 952 2304; x_wconf 77' lang='lat' dir='ltr'>insolenciis</span> <span class='ocrx_word' id='word_1_140' title='bbox 978 2247 1220 2344; x_wconf 81' lang='lat' dir='ltr'>compescere</span> <span class='ocrx_word' id='word_1_141' title='bbox 1255 2242 1292 2301; x_wconf 86' lang='lat' dir='ltr'>et</span> <span class='ocrx_word' id='word_1_142' title='bbox 1330 2248 1398 2299; x_wconf 89' lang='lat' dir='ltr'>eos</span> <span class='ocrx_word' id='word_1_143' title='bbox 1434 2233 1541 2321; x_wconf 92' lang='lat' dir='ltr'>prout</span> <span class='ocrx_word' id='word_1_144' title='bbox 1565 2221 1699 2313; x_wconf 80' lang='lat' dir='ltr'>lustum</span> 
     </span>
     <span class='ocr_line' id='line_1_18' title="bbox 314 2319 1697 2425; baseline -0.003 -27"><span class='ocrx_word' id='word_1_145' title='bbox 314 2333 351 2398; x_wconf 85' lang='lat' dir='ltr'>et</span> <span class='ocrx_word' id='word_1_146' title='bbox 376 2345 506 2422; x_wconf 87' lang='lat' dir='ltr'>equum</span> <span class='ocrx_word' id='word_1_147' title='bbox 532 2321 664 2418; x_wconf 89' lang='lat' dir='ltr'>fuerit,</span> <span class='ocrx_word' id='word_1_148' title='bbox 696 2319 744 2400; x_wconf 89' lang='lat' dir='ltr'>atl</span> <span class='ocrx_word' id='word_1_149' title='bbox 780 2323 850 2399; x_wconf 88' lang='lat' dir='ltr'>boc</span> <span class='ocrx_word' id='word_1_150' title='bbox 884 2325 1001 2402; x_wconf 87' lang='lat' dir='ltr'>eciam</span> <span class='ocrx_word' id='word_1_151' title='bbox 1038 2349 1073 2398; x_wconf 84' lang='lat' dir='ltr'>st</span> <span class='ocrx_word' id='word_1_152' title='bbox 1107 2347 1202 2425; x_wconf 85' lang='lat' dir='ltr'>opus</span> <span class='ocrx_word' id='word_1_153' title='bbox 1234 2325 1396 2399; x_wconf 83' lang='lat' dir='ltr'>extiterit</span> <span class='ocrx_word' id='word_1_154' title='bbox 1430 2321 1697 2398; x_wconf 84' lang='lat' dir='ltr'>exeeucionem</span> 
     </span>
     <span class='ocr_line' id='line_1_19' title="bbox 313 2419 1752 2542; baseline 0.001 -46"><span class='ocrx_word' id='word_1_155' title='bbox 313 2419 429 2542; x_wconf 61' lang='lat' dir='ltr'>sslsslffi</span> <span class='ocrx_word' id='word_1_156' title='bbox 454 2423 652 2500; x_wconf 77' lang='lat' dir='ltr'>materialis</span> <span class='ocrx_word' id='word_1_157' title='bbox 678 2422 838 2502; x_wconf 85' lang='lat' dir='ltr'>adhibito</span> <span class='ocrx_word' id='word_1_158' title='bbox 856 2424 1016 2524; x_wconf 80' lang='lat' dir='ltr'>figorcse</span> <span class='ocrx_word' id='word_1_159' title='bbox 1035 2425 1276 2524; x_wconf 86' lang='lat' dir='ltr'>comprimere</span> <span class='ocrx_word' id='word_1_160' title='bbox 1291 2436 1328 2498; x_wconf 91' lang='lat' dir='ltr'>et</span> <span class='ocrx_word' id='word_1_161' title='bbox 1343 2419 1486 2497; x_wconf 83' lang='lat' dir='ltr'>eisdem</span> <span class='ocrx_word' id='word_1_162' title='bbox 1502 2419 1697 2494; x_wconf 88' lang='lat' dir='ltr'>silencium</span> <span class='ocrx_word' id='word_1_163' title='bbox 1734 2469 1752 2498; x_wconf 67' lang='lat'>0</span> 
     </span>
     <span class='ocr_line' id='line_1_20' title="bbox 313 2515 1700 2624; baseline -0.001 -29"><span class='ocrx_word' id='word_1_164' title='bbox 313 2543 520 2624; x_wconf 80' lang='lat' dir='ltr'>imponere,</span> <span class='ocrx_word' id='word_1_165' title='bbox 554 2546 599 2596; x_wconf 83' lang='lat' dir='ltr'>cc</span> <span class='ocrx_word' id='word_1_166' title='bbox 632 2525 747 2599; x_wconf 89' lang='lat' dir='ltr'>omnia</span> <span class='ocrx_word' id='word_1_167' title='bbox 780 2535 818 2600; x_wconf 91' lang='lat' dir='ltr'>et</span> <span class='ocrx_word' id='word_1_168' title='bbox 843 2521 990 2622; x_wconf 84' lang='lat' dir='ltr'>singula</span> <span class='ocrx_word' id='word_1_169' title='bbox 1021 2519 1096 2596; x_wconf 80' lang='lat' dir='ltr'>eliu</span> <span class='ocrx_word' id='word_1_170' title='bbox 1119 2523 1249 2598; x_wconf 87' lang='lat' dir='ltr'>facere</span> <span class='ocrx_word' id='word_1_171' title='bbox 1275 2535 1313 2595; x_wconf 90' lang='lat' dir='ltr'>et</span> <span class='ocrx_word' id='word_1_172' title='bbox 1337 2520 1552 2594; x_wconf 85' lang='lat' dir='ltr'>auctoritate</span> <span class='ocrx_word' id='word_1_173' title='bbox 1575 2515 1635 2591; x_wconf 87' lang='lat' dir='ltr'>lle</span> <span class='ocrx_word' id='word_1_174' title='bbox 1664 2518 1700 2594; x_wconf 87' lang='lat' dir='ltr'>itt</span> 
     </span>
     <span class='ocr_line' id='line_1_21' title="bbox 311 2613 1636 2722; baseline -0.005 -26"><span class='ocrx_word' id='word_1_175' title='bbox 311 2618 431 2698; x_wconf 90' lang='lat' dir='ltr'>libere</span> <span class='ocrx_word' id='word_1_176' title='bbox 456 2633 494 2698; x_wconf 91' lang='lat' dir='ltr'>et</span> <span class='ocrx_word' id='word_1_177' title='bbox 519 2619 792 2698; x_wconf 85' lang='lat' dir='ltr'>racionabiliter</span> <span class='ocrx_word' id='word_1_178' title='bbox 817 2643 1000 2698; x_wconf 89' lang='lat' dir='ltr'>exercere</span> <span class='ocrx_word' id='word_1_179' title='bbox 1026 2623 1170 2722; x_wconf 87' lang='lat' dir='ltr'>possint</span> <span class='ocrx_word' id='word_1_180' title='bbox 1195 2631 1234 2696; x_wconf 95' lang='lat' dir='ltr'>et</span> <span class='ocrx_word' id='word_1_181' title='bbox 1254 2617 1413 2711; x_wconf 80' lang='lat' dir='ltr'>valeant,</span> <span class='ocrx_word' id='word_1_182' title='bbox 1440 2639 1513 2718; x_wconf 84' lang='lat' dir='ltr'>que</span> <span class='ocrx_word' id='word_1_183' title='bbox 1538 2613 1586 2690; x_wconf 81' lang='lat' dir='ltr'>ab</span> <span class='ocrx_word' id='word_1_184' title='bbox 1612 2637 1636 2690; x_wconf 90' lang='lat' dir='ltr'>o</span> 
     </span>
    </p>

    <p class='ocr_par' dir='ltr' id='par_1_3' title="bbox 312 2717 1705 3221">
     <span class='ocr_line' id='line_1_22' title="bbox 312 2717 1699 2820; baseline -0.006 -24"><span class='ocrx_word' id='word_1_185' title='bbox 312 2722 404 2796; x_wconf 76' lang='lat' dir='ltr'>cmm</span> <span class='ocrx_word' id='word_1_186' title='bbox 429 2734 726 2798; x_wconf 85' lang='lat' dir='ltr'>conseruatornnr</span> <span class='ocrx_word' id='word_1_187' title='bbox 753 2721 801 2798; x_wconf 88' lang='lat' dir='ltr'>tle</span> <span class='ocrx_word' id='word_1_188' title='bbox 819 2720 914 2797; x_wconf 89' lang='lat' dir='ltr'>Jure</span> <span class='ocrx_word' id='word_1_189' title='bbox 935 2733 972 2796; x_wconf 91' lang='lat' dir='ltr'>et</span> <span class='ocrx_word' id='word_1_190' title='bbox 989 2717 1258 2797; x_wconf 83' lang='lat' dir='ltr'>consuetudine</span> <span class='ocrx_word' id='word_1_191' title='bbox 1273 2721 1455 2820; x_wconf 88' lang='lat' dir='ltr'>pertinent</span> <span class='ocrx_word' id='word_1_192' title='bbox 1474 2729 1510 2792; x_wconf 90' lang='lat' dir='ltr'>et</span> <span class='ocrx_word' id='word_1_193' title='bbox 1529 2723 1699 2816; x_wconf 86' lang='lat' dir='ltr'>poterunt</span> 
     </span>
     <span class='ocr_line' id='line_1_23' title="bbox 313 2813 1705 2923; baseline 0 -29"><span class='ocrx_word' id='word_1_194' title='bbox 313 2819 476 2920; x_wconf 82' lang='lat' dir='ltr'>quelibet</span> <span class='ocrx_word' id='word_1_195' title='bbox 500 2823 706 2923; x_wconf 84' lang='lat' dir='ltr'>pertinere,</span> <span class='ocrx_word' id='word_1_196' title='bbox 740 2823 856 2898; x_wconf 82' lang='lat' dir='ltr'>eciem</span> <span class='ocrx_word' id='word_1_197' title='bbox 890 2818 934 2898; x_wconf 82' lang='lat' dir='ltr'>Si</span> <span class='ocrx_word' id='word_1_198' title='bbox 968 2816 1168 2896; x_wconf 82' lang='lat' dir='ltr'>mandatum</span> <span class='ocrx_word' id='word_1_199' title='bbox 1201 2820 1345 2919; x_wconf 79' lang='lat' dir='ltr'>erigant</span> <span class='ocrx_word' id='word_1_200' title='bbox 1370 2844 1402 2892; x_wconf 92' lang='lat' dir='ltr'>m</span> <span class='ocrx_word' id='word_1_201' title='bbox 1455 2820 1487 2891; x_wconf 90' lang='lat' dir='ltr'>is</span> <span class='ocrx_word' id='word_1_202' title='bbox 1513 2813 1705 2914; x_wconf 63' lang='lat' dir='ltr'>speeieles&#39;</span> 
     </span>
     <span class='ocr_line' id='line_1_24' title="bbox 312 2914 1698 3024; baseline -0.004 -30"><span class='ocrx_word' id='word_1_203' title='bbox 312 2929 426 2995; x_wconf 84' lang='lat' dir='ltr'>ratum</span> <span class='ocrx_word' id='word_1_204' title='bbox 463 2933 499 2997; x_wconf 90' lang='lat' dir='ltr'>et</span> <span class='ocrx_word' id='word_1_205' title='bbox 525 2932 664 3020; x_wconf 67' lang='grc' dir='ltr'>ςιιιιιιιι</span> <span class='ocrx_word' id='word_1_206' title='bbox 691 2935 871 3024; x_wconf 87' lang='lat' dir='ltr'>perpetuo</span> <span class='ocrx_word' id='word_1_207' title='bbox 904 2919 1043 2996; x_wconf 88' lang='lat' dir='ltr'>babere</span> <span class='ocrx_word' id='word_1_208' title='bbox 1070 2917 1242 2994; x_wconf 87' lang='lat' dir='ltr'>volentes</span> <span class='ocrx_word' id='word_1_209' title='bbox 1275 2915 1422 3018; x_wconf 84' lang='lat' dir='ltr'>quidqui</span> <span class='ocrx_word' id='word_1_210' title='bbox 1483 2914 1571 2990; x_wconf 87' lang='lat' dir='ltr'>dicti</span> <span class='ocrx_word' id='word_1_211' title='bbox 1605 2935 1698 2989; x_wconf 87' lang='lat' dir='ltr'>eon·</span> 
     </span>
     <span class='ocr_line' id='line_1_25' title="bbox 313 3009 1696 3117; baseline -0.004 -25"><span class='ocrx_word' id='word_1_212' title='bbox 313 3031 537 3110; x_wconf 87' lang='lat' dir='ltr'>seruatores,</span> <span class='ocrx_word' id='word_1_213' title='bbox 563 3024 795 3097; x_wconf 88' lang='lat' dir='ltr'>communiter</span> <span class='ocrx_word' id='word_1_214' title='bbox 820 3019 881 3098; x_wconf 82' lang='lat' dir='ltr'>rel</span> <span class='ocrx_word' id='word_1_215' title='bbox 910 3019 1056 3094; x_wconf 84' lang='lat' dir='ltr'>diuisim</span> <span class='ocrx_word' id='word_1_216' title='bbox 1076 3022 1234 3117; x_wconf 81' lang='lat' dir='ltr'>egerint,</span> <span class='ocrx_word' id='word_1_217' title='bbox 1264 3017 1434 3106; x_wconf 87' lang='lat' dir='ltr'>fecerint,</span> <span class='ocrx_word' id='word_1_218' title='bbox 1459 3027 1522 3090; x_wconf 90' lang='lat' dir='ltr'>ant</span> <span class='ocrx_word' id='word_1_219' title='bbox 1546 3009 1696 3087; x_wconf 83' lang='lat' dir='ltr'>ordios·</span> 
     </span>
     <span class='ocr_line' id='line_1_26' title="bbox 313 3113 1697 3221; baseline -0.006 -29"><span class='ocrx_word' id='word_1_220' title='bbox 313 3119 432 3194; x_wconf 82' lang='lat' dir='ltr'>norint</span> <span class='ocrx_word' id='word_1_221' title='bbox 457 3119 493 3191; x_wconf 95' lang='lat' dir='ltr'>in</span> <span class='ocrx_word' id='word_1_222' title='bbox 519 3122 708 3218; x_wconf 85' lang='lat' dir='ltr'>premissis</span> <span class='ocrx_word' id='word_1_223' title='bbox 733 3131 771 3196; x_wconf 88' lang='lat' dir='ltr'>el</span> <span class='ocrx_word' id='word_1_224' title='bbox 787 3120 949 3220; x_wconf 85' lang='lat' dir='ltr'>quolibet</span> <span class='ocrx_word' id='word_1_225' title='bbox 969 3121 1242 3221; x_wconf 84' lang='lat' dir='ltr'>premissorum,</span> <span class='ocrx_word' id='word_1_226' title='bbox 1271 3117 1529 3218; x_wconf 78' lang='lat' dir='ltr'>Precipientes</span> <span class='ocrx_word' id='word_1_227' title='bbox 1546 3113 1697 3188; x_wconf 71' lang='lat' dir='ltr'>uniuer-</span> 
     </span>
    </p>
   </div>
   <div class='ocr_carea' id='block_1_3' title="bbox 313 3209 1698 3418">
    <p class='ocr_par' dir='ltr' id='par_1_4' title="bbox 313 3209 1698 3418">
     <span class='ocr_line' id='line_1_27' title="bbox 313 3209 1695 3391; baseline -0.004 -101"><span class='ocrx_word' id='word_1_228' title='bbox 313 3218 368 3293; x_wconf 83' lang='lat' dir='ltr'>sis</span> <span class='ocrx_word' id='word_1_229' title='bbox 393 3229 430 3294; x_wconf 87' lang='lat' dir='ltr'>et</span> <span class='ocrx_word' id='word_1_230' title='bbox 455 3219 613 3318; x_wconf 81' lang='lat' dir='ltr'>singulis</span> <span class='ocrx_word' id='word_1_231' title='bbox 639 3221 774 3294; x_wconf 85' lang='lat' dir='ltr'>nostris</span> <span class='ocrx_word' id='word_1_232' title='bbox 800 3229 837 3293; x_wconf 89' lang='lat' dir='ltr'>et</span> <span class='ocrx_word' id='word_1_233' title='bbox 863 3221 1007 3391; x_wconf 82' lang='lat' dir='ltr'>lmperii</span> <span class='ocrx_word' id='word_1_234' title='bbox 1027 3216 1136 3295; x_wconf 82' lang='lat' dir='ltr'>Sacri</span> <span class='ocrx_word' id='word_1_235' title='bbox 1162 3217 1335 3294; x_wconf 82' lang='lat' dir='ltr'>fidelibus</span> <span class='ocrx_word' id='word_1_236' title='bbox 1359 3215 1507 3290; x_wconf 85' lang='lat' dir='ltr'>firmiter</span> <span class='ocrx_word' id='word_1_237' title='bbox 1527 3209 1695 3328; x_wconf 78' lang='lat' dir='ltr'>districte</span> 
     </span>
     <span class='ocr_line' id='line_1_28' title="bbox 314 3304 1698 3418; baseline -0.008 -28"><span class='ocrx_word' id='word_1_238' title='bbox 314 3327 352 3390; x_wconf 91' lang='lat' dir='ltr'>ut</span> <span class='ocrx_word' id='word_1_239' title='bbox 376 3318 557 3416; x_wconf 88' lang='lat' dir='ltr'>premissa</span> <span class='ocrx_word' id='word_1_240' title='bbox 591 3319 709 3394; x_wconf 73' lang='lat' dir='ltr'>ononis</span> <span class='ocrx_word' id='word_1_241' title='bbox 743 3331 779 3394; x_wconf 90' lang='lat' dir='ltr'>et</span> <span class='ocrx_word' id='word_1_242' title='bbox 812 3321 868 3394; x_wconf 90' lang='lat' dir='ltr'>sin</span> <span class='ocrx_word' id='word_1_243' title='bbox 899 3341 961 3392; x_wconf 90' lang='lat' dir='ltr'>ua</span> <span class='ocrx_word' id='word_1_244' title='bbox 997 3341 1066 3391; x_wconf 89' lang='lat' dir='ltr'>non</span> <span class='ocrx_word' id='word_1_245' title='bbox 1100 3316 1313 3418; x_wconf 87' lang='lat' dir='ltr'>perturbent</span> <span class='ocrx_word' id='word_1_246' title='bbox 1347 3335 1467 3413; x_wconf 87' lang='lat' dir='ltr'>neque</span> <span class='ocrx_word' id='word_1_247' title='bbox 1499 3304 1698 3412; x_wconf 74' lang='lat' dir='ltr'>impediant</span> 
     </span>
    </p>
   </div>
   <div class='ocr_carea' id='block_1_4' title="bbox 309 3406 1762 4116">
    <p class='ocr_par' dir='ltr' id='par_1_5' title="bbox 309 3406 1762 4116">
     <span class='ocr_line' id='line_1_29' title="bbox 313 3406 1695 3519; baseline -0.007 -29"><span class='ocrx_word' id='word_1_248' title='bbox 313 3413 552 3516; x_wconf 84' lang='lat' dir='ltr'>quouismodo</span> <span class='ocrx_word' id='word_1_249' title='bbox 582 3429 619 3492; x_wconf 90' lang='lat' dir='ltr'>et</span> <span class='ocrx_word' id='word_1_250' title='bbox 644 3421 835 3519; x_wconf 87' lang='lat' dir='ltr'>presertim</span> <span class='ocrx_word' id='word_1_251' title='bbox 886 3418 969 3492; x_wconf 88' lang='lat' dir='ltr'>iotis</span> <span class='ocrx_word' id='word_1_252' title='bbox 996 3414 1350 3504; x_wconf 82' lang='lat' dir='ltr'>Conseruatoribus,</span> <span class='ocrx_word' id='word_1_253' title='bbox 1384 3425 1421 3489; x_wconf 88' lang='lat' dir='ltr'>et</span> <span class='ocrx_word' id='word_1_254' title='bbox 1452 3423 1580 3485; x_wconf 84' lang='lat' dir='ltr'>eorum</span> <span class='ocrx_word' id='word_1_255' title='bbox 1613 3406 1695 3482; x_wconf 89' lang='lat' dir='ltr'>cui-</span> 
     </span>
     <span class='ocr_line' id='line_1_30' title="bbox 309 3504 1695 3617; baseline -0.006 -29"><span class='ocrx_word' id='word_1_256' title='bbox 309 3512 409 3592; x_wconf 80' lang='lat' dir='ltr'>litet·</span> <span class='ocrx_word' id='word_1_257' title='bbox 428 3529 464 3591; x_wconf 86' lang='lat' dir='ltr'>rt</span> <span class='ocrx_word' id='word_1_258' title='bbox 490 3537 614 3592; x_wconf 87' lang='lat' dir='ltr'>eorum</span> <span class='ocrx_word' id='word_1_259' title='bbox 639 3517 798 3594; x_wconf 84' lang='lat' dir='ltr'>efficium</span> <span class='ocrx_word' id='word_1_260' title='bbox 823 3519 963 3617; x_wconf 87' lang='lat' dir='ltr'>absque</span> <span class='ocrx_word' id='word_1_261' title='bbox 991 3515 1152 3616; x_wconf 84' lang='lat' dir='ltr'>quelibet</span> <span class='ocrx_word' id='word_1_262' title='bbox 1186 3513 1397 3614; x_wconf 82' lang='lat' dir='ltr'>negliencie</span> <span class='ocrx_word' id='word_1_263' title='bbox 1422 3505 1604 3608; x_wconf 79' lang='lat' dir='ltr'>legaliter</span> <span class='ocrx_word' id='word_1_264' title='bbox 1637 3504 1695 3580; x_wconf 83' lang='lat' dir='ltr'>fa·</span> 
     </span>
     <span class='ocr_line' id='line_1_31' title="bbox 311 3601 1696 3725; baseline -0.008 -35"><span class='ocrx_word' id='word_1_265' title='bbox 311 3613 408 3690; x_wconf 84' lang='lat' dir='ltr'>ciant</span> <span class='ocrx_word' id='word_1_266' title='bbox 433 3625 469 3691; x_wconf 93' lang='lat' dir='ltr'>et</span> <span class='ocrx_word' id='word_1_267' title='bbox 494 3613 654 3694; x_wconf 85' lang='lat' dir='ltr'>fideliter</span> <span class='ocrx_word' id='word_1_268' title='bbox 679 3627 881 3694; x_wconf 81' lang='lat' dir='ltr'>exerceant</span> <span class='ocrx_word' id='word_1_269' title='bbox 908 3629 944 3693; x_wconf 87' lang='lat' dir='ltr'>vt</span> <span class='ocrx_word' id='word_1_270' title='bbox 969 3615 1166 3718; x_wconf 88' lang='lat' dir='ltr'>prefertur,</span> <span class='ocrx_word' id='word_1_271' title='bbox 1191 3613 1273 3691; x_wconf 83' lang='lat' dir='ltr'>Sub</span> <span class='ocrx_word' id='word_1_272' title='bbox 1298 3635 1394 3716; x_wconf 85' lang='lat' dir='ltr'>pena</span> <span class='ocrx_word' id='word_1_273' title='bbox 1419 3620 1563 3700; x_wconf 85' lang='lat' dir='ltr'>eentum</span> <span class='ocrx_word' id='word_1_274' title='bbox 1588 3601 1696 3725; x_wconf 67' lang='lat' dir='ltr'>biur-</span> 
     </span>
     <span class='ocr_line' id='line_1_32' title="bbox 312 3713 1762 3818; baseline -0.006 -28"><span class='ocrx_word' id='word_1_275' title='bbox 312 3735 435 3790; x_wconf 84' lang='lat' dir='ltr'>curnm</span> <span class='ocrx_word' id='word_1_276' title='bbox 462 3719 543 3818; x_wconf 91' lang='lat' dir='ltr'>puri</span> <span class='ocrx_word' id='word_1_277' title='bbox 568 3717 659 3808; x_wconf 87' lang='lat' dir='ltr'>auri,</span> <span class='ocrx_word' id='word_1_278' title='bbox 685 3740 789 3816; x_wconf 82' lang='lat' dir='ltr'>quem</span> <span class='ocrx_word' id='word_1_279' title='bbox 815 3719 860 3794; x_wconf 87' lang='lat' dir='ltr'>ab</span> <span class='ocrx_word' id='word_1_280' title='bbox 887 3740 932 3793; x_wconf 92' lang='lat' dir='ltr'>eo</span> <span class='ocrx_word' id='word_1_281' title='bbox 962 3718 1023 3816; x_wconf 89' lang='lat' dir='ltr'>qui</span> <span class='ocrx_word' id='word_1_282' title='bbox 1050 3713 1322 3806; x_wconf 74' lang='lat' dir='ltr'>contrafecerit,</span> <span class='ocrx_word' id='word_1_283' title='bbox 1347 3713 1492 3787; x_wconf 89' lang='lat' dir='ltr'>tociens</span> <span class='ocrx_word' id='word_1_284' title='bbox 1518 3727 1696 3806; x_wconf 78' lang='lat' dir='ltr'>quociens</span> <span class='ocrx_word' id='word_1_285' title='bbox 1758 3793 1762 3805; x_wconf 27' lang='lat'><strong><em>¹</em></strong></span> 
     </span>
     <span class='ocr_line' id='line_1_33' title="bbox 312 3813 1696 3913; baseline -0.007 -23"><span class='ocrx_word' id='word_1_286' title='bbox 312 3813 574 3892; x_wconf 78' lang='lat' dir='ltr'>contrafactum</span> <span class='ocrx_word' id='word_1_287' title='bbox 590 3817 751 3892; x_wconf 81' lang='lat' dir='ltr'>extiterit</span> <span class='ocrx_word' id='word_1_288' title='bbox 775 3815 1078 3892; x_wconf 88' lang='lat' dir='ltr'>irremissibiliter</span> <span class='ocrx_word' id='word_1_289' title='bbox 1094 3815 1197 3913; x_wconf 81' lang='lat' dir='ltr'>exigi</span> <span class='ocrx_word' id='word_1_290' title='bbox 1216 3813 1384 3889; x_wconf 82' lang='lat' dir='ltr'>volumus</span> <span class='ocrx_word' id='word_1_291' title='bbox 1405 3821 1442 3886; x_wconf 89' lang='lat' dir='ltr'>et</span> <span class='ocrx_word' id='word_1_292' title='bbox 1468 3829 1592 3884; x_wconf 86' lang='lat' dir='ltr'>eorum</span> <span class='ocrx_word' id='word_1_293' title='bbox 1619 3827 1696 3882; x_wconf 86' lang='lat' dir='ltr'>me·</span> 
     </span>
     <span class='ocr_line' id='line_1_34' title="bbox 313 3909 1697 4012; baseline -0.007 -26"><span class='ocrx_word' id='word_1_294' title='bbox 313 3910 497 4008; x_wconf 80' lang='lat' dir='ltr'>dietatem,</span> <span class='ocrx_word' id='word_1_295' title='bbox 523 3913 660 4012; x_wconf 79' lang='lat' dir='ltr'>Regali</span> <span class='ocrx_word' id='word_1_296' title='bbox 687 3909 864 4009; x_wconf 80' lang='lat' dir='ltr'>Onmere,</span> <span class='ocrx_word' id='word_1_297' title='bbox 892 3909 1076 3992; x_wconf 87' lang='lat' dir='ltr'>residuam</span> <span class='ocrx_word' id='word_1_298' title='bbox 1102 3937 1194 3991; x_wconf 85' lang='lat' dir='ltr'>vero</span> <span class='ocrx_word' id='word_1_299' title='bbox 1245 3925 1376 4003; x_wconf 88' lang='lat' dir='ltr'>artem,</span> <span class='ocrx_word' id='word_1_300' title='bbox 1412 3909 1605 4010; x_wconf 79' lang='lat' dir='ltr'>Episcopo</span> <span class='ocrx_word' id='word_1_301' title='bbox 1627 3924 1697 4004; x_wconf 92' lang='lat' dir='ltr'>pro</span> 
     </span>
     <span class='ocr_line' id='line_1_35' title="bbox 311 3939 1699 4116; baseline -0.009 -28"><span class='ocrx_word' id='word_1_302' title='bbox 311 4021 384 4088; x_wconf 85' lang='lat' dir='ltr'>tem</span> <span class='ocrx_word' id='word_1_303' title='bbox 411 4035 476 4089; x_wconf 89' lang='lat' dir='ltr'>ere</span> <span class='ocrx_word' id='word_1_304' title='bbox 502 4015 694 4106; x_wconf 83' lang='lat' dir='ltr'>existenti,</span> <span class='ocrx_word' id='word_1_305' title='bbox 721 4025 782 4090; x_wconf 90' lang='lat' dir='ltr'>aut</span> <span class='ocrx_word' id='word_1_306' title='bbox 808 4016 891 4090; x_wconf 87' lang='lat' dir='ltr'>eius</span> <span class='ocrx_word' id='word_1_307' title='bbox 917 4009 1117 4116; x_wconf 84' lang='lat' dir='ltr'>Cappitulo</span> <span class='ocrx_word' id='word_1_308' title='bbox 1148 3939 1256 4090; x_wconf 69' lang='lat' dir='ltr'>Sabe</span> <span class='ocrx_word' id='word_1_309' title='bbox 1281 4020 1439 4086; x_wconf 84' lang='lat' dir='ltr'>vacante</span> <span class='ocrx_word' id='word_1_310' title='bbox 1464 4004 1699 4083; x_wconf 81' lang='lat' dir='ltr'>tleeernimus</span> 
     </span>
    </p>
   </div>
   <div class='ocr_carea' id='block_1_5' title="bbox 313 4097 1699 4305">
    <p class='ocr_par' dir='ltr' id='par_1_6' title="bbox 313 4097 1699 4305">
     <span class='ocr_line' id='line_1_36' title="bbox 313 4097 1699 4215; baseline -0.012 -27"><span class='ocrx_word' id='word_1_311' title='bbox 313 4133 386 4215; x_wconf 83' lang='lat' dir='ltr'>app</span> <span class='ocrx_word' id='word_1_312' title='bbox 401 4113 503 4190; x_wconf 89' lang='lat' dir='ltr'>icari.</span> <span class='ocrx_word' id='word_1_313' title='bbox 555 4113 797 4190; x_wconf 87' lang='lat' dir='ltr'>Presenciom</span> <span class='ocrx_word' id='word_1_314' title='bbox 840 4113 910 4191; x_wconf 88' lang='lat' dir='ltr'>sub</span> <span class='ocrx_word' id='word_1_315' title='bbox 954 4115 1069 4190; x_wconf 88' lang='lat' dir='ltr'>nostri</span> <span class='ocrx_word' id='word_1_316' title='bbox 1117 4111 1276 4214; x_wconf 69' lang='lat' dir='ltr'>Regalis</span> <span class='ocrx_word' id='word_1_317' title='bbox 1317 4107 1527 4186; x_wconf 67' lang='lat' dir='ltr'>Maiestatis</span> <span class='ocrx_word' id='word_1_318' title='bbox 1570 4097 1699 4202; x_wconf 75' lang='lat' dir='ltr'>Sigilli</span> 
     </span>
     <span class='ocr_line' id='line_1_37' title="bbox 313 4225 1371 4305; baseline -0.011 -14"><span class='ocrx_word' id='word_1_319' title='bbox 313 4243 377 4290; x_wconf 71' lang='lat'>¹0·-</span> <span class='ocrx_word' id='word_1_320' title='bbox 395 4241 460 4290; x_wconf 70' lang='lat' dir='ltr'>nuto.</span> <span class='ocrx_word' id='word_1_321' title='bbox 475 4242 529 4288; x_wconf 79' lang='lat' dir='ltr'>ve.</span> <span class='ocrx_word' id='word_1_322' title='bbox 541 4243 638 4290; x_wconf 79' lang='lat' dir='ltr'>xxxiv.</span> <span class='ocrx_word' id='word_1_323' title='bbox 656 4255 696 4288; x_wconf 77' lang='lat' dir='ltr'>u·</span> <span class='ocrx_word' id='word_1_324' title='bbox 712 4243 860 4290; x_wconf 67' lang='grc' dir='ltr'>ιοιιωιιοιι.</span> <span class='ocrx_word' id='word_1_325' title='bbox 874 4243 1008 4293; x_wconf 63' lang='lat' dir='ltr'>suurn.</span> <span class='ocrx_word' id='word_1_326' title='bbox 1025 4246 1082 4289; x_wconf 72' lang='lat' dir='ltr'>rm</span> <span class='ocrx_word' id='word_1_327' title='bbox 1096 4243 1115 4288; x_wconf 89' lang='grc' dir='ltr'>ι.</span> <span class='ocrx_word' id='word_1_328' title='bbox 1268 4251 1280 4270; x_wconf 59' lang='lat'>2</span> <span class='ocrx_word' id='word_1_329' title='bbox 1308 4225 1371 4305; x_wconf 70' lang='grc'>48</span> 
     </span>
    </p>
   </div>
   <div class='ocr_carea' id='block_1_6' title="bbox 0 0 2110 5034">
    <p class='ocr_par' dir='ltr' id='par_1_7' title="bbox 0 0 2110 5034">
     <span class='ocr_line' id='line_1_38' title="bbox 0 0 2110 5034; baseline 0 2"><span class='ocrx_word' id='word_1_330' title='bbox 0 0 2110 5034; x_wconf 95' lang='lat' dir='ltr'> </span> 
     </span>
    </p>
   </div>
  </div>
 </body>
</html>
