4209 5034
662 577 969 688 episcopatus
997 579 1257 696 Angustant.
1415 551 1418 557 ¹
1592 581 1691 670 tet

310 803 359 884 ad
387 803 539 884 eandem
565 809 818 912 pertinentium
850 832 921 914 per
954 811 1084 914 plores
1114 814 1315 917 preteritos
1345 835 1461 893 annos
1492 813 1562 890 tntt
1585 823 1696 915 atque

308 901 423 982 bodie
439 918 498 984 est
512 907 641 986 Verus
659 921 697 988 et
712 909 911 1007 legittimus
936 921 1063 1014 pastor
1088 927 1126 990 et
1148 911 1329 1015 plebanus
1355 909 1405 991 nd
1429 913 1583 991 cantiam
1607 935 1698 992 eco-

307 1003 437 1082 lesiant
459 1019 624 1110 tanquam
643 1007 911 1114 perroobielem
937 1023 975 1086 et
990 1015 1170 1090 matricem
1193 1013 1345 1089 aliarum
1361 1011 1523 1089 filialinm
1547 1035 1698 1090 suarum

309 1103 550 1184 ecelesiarum
576 1130 646 1210 per
702 1119 891 1186 otestatem
923 1107 1115 1187 babentem
1148 1113 1328 1188 cononice
1361 1113 1545 1190 institutus
1581 1123 1619 1190 et
1645 1111 1696 1190 tle

306 1199 437 1282 eadem
451 1209 655 1286 incestitus.
701 1222 772 1287 tem
790 1209 891 1312 ponit
908 1221 947 1286 ot
963 1208 1050 1289 dicit
1085 1205 1160 1287 uoti
1176 1233 1304 1288 omnes
1328 1221 1365 1288 et
1381 1212 1532 1312 singule
1548 1206 1694 1290 tleoirne

303 1313 375 1380 tarn
406 1307 565 1384 maiores
597 1331 701 1410 quant
734 1311 895 1386 minores
926 1308 1024 1385 inira
1055 1235 1188 1388 limites
1220 1310 1322 1387 dicte
1356 1308 1555 1414 parroobie
1587 1313 1693 1387 annis

302 1403 460 1506 singulis
492 1411 754 1510 proueniantes
786 1419 999 1510 spectarunt
1024 1419 1064 1485 et
1092 1411 1346 1514 pertinuerunt
1378 1436 1399 1485 s
1426 1419 1622 1530 ectantpne
1653 1419 1695 1486 et

301 1505 486 1678 pertinent
510 1505 560 1582 ad
585 1502 721 1588 dictum
747 1505 926 1586 dominnm
947 1507 1123 1586 Antoren
1149 1521 1315 1610 tanquam
1341 1509 1405 1609 ple
1477 1535 1535 1585 um
1559 1507 1696 1586 tbitlem

330 1624 354 1680 e
379 1605 460 1682 inre
486 1609 671 1684 communi.
706 1607 798 1684 Item
824 1608 925 1710 ponit
950 1619 986 1685 et
1002 1607 1091 1685 dicit
1116 1608 1214 1709 qnotl
1232 1608 1329 1684 infra
1346 1607 1692 1710 limitcsparrocbie
1836 1625 1846 1647 ⁸

305 1701 536 1807 Guncubnrg
550 1707 703 1784 situatur
717 1705 843 1784 filialis
867 1707 1225 1784 ecclesiatinbolen
1246 1710 1482 1784 communiter
1496 1707 1691 1809 appellata·

205 1857 212 1864 -
300 1797 393 1880 Item
414 1797 506 1880 dicit
529 1802 628 1905 qnod
652 1809 689 1884 in
714 1806 807 1882 vilic
832 1817 868 1882 et
893 1805 996 1882 lilioli
1022 1807 1189 1884 ecclesis
1207 1804 1382 1882 Anboien
1406 1809 1572 1884 situatur·
1590 1805 1696 1882 curia

302 1897 457 2002 quedam
481 1903 664 2005 Happacb
689 1904 804 2077 vulpo
828 1905 1009 1980 nominata
1025 1903 1123 1982 Jnre
1147 1907 1384 2008 proprietatis
1406 1901 1458 1981 od
1483 1903 1694 1981 defenden-

299 2009 371 2076 tem
396 2005 586 2104 pertinens
612 2027 713 2103 quam
736 2005 820 2080 oirn
846 2003 960 2079 coluit
971 2001 1159 2080 Nicotaus
1185 2015 1295 2106 seytm
1321 2014 1359 2079 et
1377 2006 1693 2104 impresentiarum

298 2121 397 2176 vxor
422 2097 745 2208 relictaeinsdem
770 2099 922 2178 Nicolai
948 2103 1046 2180 colit·
1096 2103 1189 2179 Item
1213 2105 1315 2224 ponit
1340 2114 1450 2204 etque
1475 2101 1690 2206 dicitquod

300 2193 436 2276 eadent
456 2202 561 2278 curia
586 2223 666 2279 cum
691 2203 772 2277 suis
797 2203 1026 2304 pertinentiis
1052 2224 1098 2279 ac
1122 2201 1265 2309 predris
1301 2203 1453 2279 urbanis
1478 2211 1517 2278 et
1540 2205 1692 2280 rusticis

297 2297 396 2378 infra
419 2299 555 2378 limites
580 2298 823 2418 parrochialis
850 2301 1015 2378 ecclesie
1040 2302 1272 2409 gnncubnrg·
1295 2306 1450 2377 situatur
1482 2313 1520 2377 et
1553 2305 1693 2378 consti·

297 2399 409 2572 tpiftur
427 2411 540 2574 prout
564 2401 734 2476 similiter
757 2395 961 2502 predictum
985 2399 1109 2476 filialis
1135 2399 1300 2474 ecclesia
1324 2412 1362 2475 et
1376 2400 1469 2475 villa
1486 2399 1690 2493 Annboien

296 2519 310 2572 ι
354 2522 395 2574 rs

299 2595 502 2700 dicitquod
520 2597 688 2675 dominns
707 2607 812 2674 actor
827 2609 866 2674 et
881 2598 1031 2698 quilibet
1045 2597 1228 2700 plebanus
1250 2619 1318 2700 pro
1335 2607 1502 2700 tempore
1520 2599 1691 2674 existens

296 2695 336 2772 in
362 2696 591 2793 Guncubnrg
613 2695 822 2774 facultatem
848 2696 973 2776 babuit
997 2695 1177 2774 hacteuus
1206 2708 1317 2798 pront
1348 2695 1463 2775 bodie
1487 2695 1597 2772 babet
1620 2719 1691 2798 po·

292 2795 410 2875 'nendi
436 2809 474 2874 et
499 2797 694 2874 ordinandi
713 2794 945 2876 sacerdotem
971 2795 1158 2873 adnutum
1177 2796 1407 2874 omonibilenr
1423 2795 1472 2872 etl
1488 2791 1691 2898 predictam

299 2895 498 2974 ecclesiam
522 2897 669 2972 filialem
687 2897 778 2974 Item
804 2895 893 2974 dicit
919 2893 1018 2998 quod
1038 2895 1219 2973 sacerdos
1244 2895 1425 2973 bnisrnotli
1451 2898 1509 2973 sic
1533 2897 1585 2972 vti
1600 2917 1690 2999 pre·

108 2966 113 2982 ⁸
137 3027 144 3038 ·
295 2994 415 3072 ierint·
439 2995 488 3073 ati
513 2995 780 3074 inofficiandum
806 2997 1005 3074 ecclesiam
1021 2997 1169 3073 filialem
1190 2995 1394 3098 predictam
1409 3019 1479 3098 per
1493 2998 1690 3074 Rectorem

297 3093 465 3173 ecclesie
492 3095 720 3196 Guncubnrg
745 3121 813 3198 pro
837 3107 1000 3198 tempore
1034 3107 1274 3173 executorem
1300 3095 1348 3172 de
1374 3109 1509 3172 utatnnn
1540 3098 1687 3173 electus

295 3193 446 3272 villenis
472 3205 510 3272 et
534 3197 668 3274 incolis
690 3196 860 3299 predicte
885 3198 976 3274 ville
1002 3200 1147 3272 nornine
1172 3195 1339 3271 eiusdem
1419 3198 1533 3273 ctoris
1558 3217 1688 3271 sacra-
1719 3196 1729 3217 '

106 3319 109 3333 ·
176 3367 183 3375 .
296 3305 417 3370 menta
447 3297 660 3373 ministrauit
692 3295 955 3374 ecclesiastica
991 3307 1099 3396 prout
1130 3293 1244 3373 bodie
1278 3296 1455 3371 ministrat
1487 3292 1688 3371 eorundem

297 3393 558 3472 consessiones
582 3391 770 3473 audiendo
795 3419 839 3472 ac
872 3397 1066 3471 animarum
1099 3418 1222 3472 curam
1283 3390 1424 3470 erendo
1459 3404 1496 3470 et
1529 3391 1688 3470 deiunc-

297 3501 412 3569 torunr
440 3515 598 3595 corpora
623 3497 881 3573 ecclesiastice
906 3495 1098 3598 sepulture
1122 3418 1313 3569 manerio.
1358 3494 1449 3569 Item
1475 3489 1565 3568 dicit
1590 3489 1690 3591 quoti

296 3592 334 3668 in
358 3588 485 3670 fundis
509 3606 675 3696 pretacte
707 3597 811 3672 curie
844 3595 1026 3670 hactenus
1058 3593 1189 3690 fruges
1223 3589 1453 3669 diuersarum
1479 3593 1689 3692 specierum

295 3703 384 3796 pnto
409 3693 517 3790 siligo
552 3718 671 3771 auena
704 3693 854 3770 ordeum
880 3694 1000 3795 spelta
1024 3693 1135 3768 linunt
1170 3693 1301 3769 caules
1336 3692 1439 3768 olera
1463 3693 1628 3792 gramina
1652 3699 1693 3766 et

298 3789 364 3869 alii
388 3791 533 3869 fructus
568 3806 766 3871 creuerunt
799 3795 1001 3896 pluresque
1034 3793 1180 3869 fructus
1213 3793 1381 3870 arborurn
1413 3801 1453 3867 vt
1484 3801 1572 3892 puta
1606 3791 1688 3892 pira

296 3915 402 3996 poma
428 3903 465 3969 et
490 3893 631 3970 similes
657 3892 706 3969 de
731 3893 925 3970 arboribus
956 3893 1076 3994 ipsius
1109 3891 1159 3969 ad
1186 3894 1319 3968 curiam
1372 3889 1548 3967 redictum
1572 3889 1689 3992 perti·

296 3993 467 4069 uentibus
492 3999 742 4096 prouenerunt
766 3993 857 4069 Itern
885 3990 975 4068 dicit
1000 3989 1211 4091 quodlicet
1235 3917 1369 4093 ispatf

297 4103 335 4170 et
360 4091 529 4192 singulas
549 4093 712 4168 decimas
735 4105 804 4168 tarn
823 4095 981 4169 maiores
1000 4113 1105 4192 quant
1128 4093 1290 4169 minores
1308 4091 1360 4168 dc
1379 4102 1572 4168 memorata
1588 4091 1691 4166 curia

295 4197 555 4292 prouenientes
569 4192 714 4269 domino
730 4195 847 4270 actori
873 4188 965 4269 dare
991 4204 1028 4267 et
1052 4192 1274 4293 persoluere
1290 4203 1457 4268 teneatur
1471 4196 1554 4294 ipsa
1570 4201 1687 4266 tamen

321 4333 390 4379 Mon.
405 4333 471 4379 sote.
487 4334 541 4382 Vol.
554 4333 660 4381 mlv·
671 4345 713 4378 seu
726 4330 873 4378 collectionis
887 4345 960 4376 norea
978 4331 1034 4381 vn.
1048 4330 1106 4374 Para
1121 4331 1153 4375 tt.
1357 4307 1418 4385 41

443 2503 560 2576 irritos
602 2497 770 2576 eiusdem
814 2499 979 2576 ecclesie
1016 2496 1263 2602 parrochialis
1288 2499 1456 2575 situatur.
1507 2499 1692 2575 Preterea
1851 2579 1857 2588 ,

1363 3989 1546 4068 eientlens
1563 4011 1688 4065 ornnes
1788 4035 1794 4046 ·
