4209 5034
350 379 455 471 248
758 434 764 445 .
817 462 820 469 f
910 379 1185 513 lllouuurcnta
1220 354 1230 367 ’

352 618 510 711 auertat,
536 626 674 693 cnunc
698 636 901 718 processus
935 627 1006 692 tatu
1040 612 1130 691 dicti
1165 610 1299 689 donini
1325 608 1451 687 illecti
1477 632 1580 711 quarn
1607 613 1745 689 nostris

353 716 561 798 buinsurodi
585 728 713 795 contra
748 715 862 817 ipsos
888 710 1132 791 continuando
1167 723 1203 788 ct
1228 704 1468 887 aigrauando
1494 706 1743 787 Attendentes

378 812 456 895 uod
478 828 578 895 tanto
603 818 776 916 grauiora
800 826 885 890 sunt
911 827 1068 920 peccota
1093 822 1227 915 quanto
1279 812 1398 888 incius
1415 809 1587 887 infelices
1603 812 1744 887 animas

354 846 517 997 astinem
541 912 714 1017 alligatas
741 913 924 1016 Quodque
950 924 1144 991 crescente
1171 913 1395 991 contumacia
1413 932 1591 988 crescere
1607 908 1744 990 debeat

354 1030 392 1095 et
416 1040 524 1119 pena,
550 1038 598 1093 oe
622 1016 784 1094 facilitas
816 1036 913 1116 pene
946 1014 1136 1093 audaciam
1171 1012 1302 1089 tribuat
1334 1006 1572 1111 delinquendi
1605 1022 1742 1089 extunc

353 1130 463 1220 prout
488 1139 637 1197 exnunc
662 1126 701 1193 et
725 1138 875 1193 exnunc
898 1126 1008 1219 prout
1033 1125 1170 1191 extunc
1204 1136 1272 1215 per
1304 1110 1422 1189 simile
1448 1112 1606 1187 edictum
1633 1110 1741 1189 modo

353 1228 391 1295 et
415 1216 531 1293 iorma
555 1218 749 1316 premissis
770 1208 871 1293 dicta
892 1217 1109 1293 sonoritate
1130 1237 1201 1292 vos
1222 1236 1347 1291 omnes
1365 1225 1402 1288 et
1419 1210 1589 1313 singulos
1606 1236 1741 1315 supra-

354 1315 476 1391 dictos
502 1318 694 1417 presertim
721 1315 1002 1393 ecclesiasticas
1027 1337 1209 1409 personas
1235 1314 1455 1415 requirimus
1481 1324 1518 1387 et
1544 1334 1742 1387 monemus.

350 1414 548 1515 vobisque
585 1429 621 1493 et
654 1428 818 1493 vestrum
852 1415 1001 1492 cuilibet
1039 1416 1082 1491 lu
1116 1416 1249 1491 virtute
1291 1424 1420 1489 sancte
1457 1403 1669 1488 obedientie
1705 1422 1743 1489 et

352 1516 423 1593 sub
460 1515 641 1592 similibus
673 1514 920 1618 infrascriptis
952 1516 1220 1592 sentenciarum
1252 1516 1361 1616 penis
1388 1510 1563 1588 districte·
1580 1514 1743 1615 precipi-

353 1610 452 1691 endo
478 1614 690 1690 maudanus
721 1625 899 1717 quatenus
934 1614 1094 1715 singuiis
1131 1612 1263 1691 diebus
1298 1613 1487 1689 dominicis
1521 1625 1557 1689 et
1592 1610 1742 1689 festinis

353 1714 417 1789 vbi
453 1715 630 1812 quociens
666 1725 705 1789 et
737 1713 882 1815 quando
921 1739 987 1817 pro
1020 1726 1124 1815 parte
1159 1712 1247 1789 dicti
1272 1712 1414 1789 ⁸domini
1450 1710 1575 1790 ltllecti
1608 1712 1742 1813 vigore

379 1813 580 1889 resentium
606 1812 751 1889 fueritis
776 1816 943 1915 requisiti
976 1836 1048 1893 seu
1079 1824 1241 1891 vestrum
1276 1812 1370 1889 alter
1401 1812 1513 1889 inerit
1539 1836 1581 1888 rc
1607 1814 1741 1889 nisitus

351 1838 456 1990 frutra
492 1913 683 1988 missarum
720 1925 757 1989 et
795 1915 948 1991 aliarum
982 1912 1151 1991 horarum
1184 1914 1517 1991 ecclesiasticarum
1551 1837 1743 2006 sttqlemnia,

352 2010 490 2115 populo
515 2006 650 2089 ibidem
668 2011 735 2089 'ad
768 2008 893 2091 diuina
932 2012 1154 2091 audiendum
1190 2024 1431 2114 congregato,
1455 2012 1645 2115 predictas
1672 2010 1742 2089 de-

352 2111 598 2189 claracionem
640 2125 678 2189 et
723 2107 1049 2193 denunciaciouem
1090 2114 1313 2191 lnoouantes
1355 2112 1520 2217 prelatos
1562 2112 1742 2190 dominum

351 2210 597 2288 Fredericum
629 2210 857 2317 Episcopum
895 2216 1004 2317 eique
1045 2212 1217 2291 fauentes
1260 2226 1297 2291 et
1332 2212 1558 2292 adherentes
1597 2236 1742 2293 necnon

351 2324 597 2415 occupatores
624 2323 663 2390 et
687 2311 903 2391 detentores
931 2328 969 2391 et
993 2314 1208 2417 specialiter
1232 2316 1406 2417 superius
1436 2314 1638 2391 nominatos
1665 2338 1743 2393 orn·

349 2432 496 2511 ncsque
520 2412 617 2489 alios
643 2423 681 2489 et
705 2414 872 2515 singulos
898 2414 1174 2493 ecclesiasticos
1209 2426 1247 2491 et
1273 2414 1469 2491 seculares
1495 2412 1745 2492 contradicto-

351 2532 416 2588 res
441 2522 479 2586 et
503 2512 669 2589 rebelles
696 2516 882 2617 campania
908 2514 1086 2635 pulsatis,
1120 2512 1286 2591 candelis
1319 2516 1494 2593 accensis
1527 2538 1574 2593 ac
1601 2514 1746 2593 demum

351 2612 527 2689 extinctis
553 2626 591 2688 et
615 2613 658 2687 lo
683 2625 817 2691 terram
845 2619 1021 2717 protectis
1048 2638 1162 2691 cruce
1194 2626 1321 2691 erecta
1348 2626 1384 2693 et
1407 2615 1590 2715 religione
1615 2614 1745 2692 induta

349 2735 477 2810 aquam
511 2710 745 2788 benedictam
779 2712 1017 2815 aspergendo
1050 2714 1100 2791 ad
1133 2712 1332 2813 sugendum
1366 2710 1542 2793 demones
1578 2716 1639 2815 qui
1672 2736 1743 2792 eos

348 2812 408 2889 sic
433 2806 598 2885 detinent
621 2808 649 2883 l'
678 2822 761 2888 atos
787 2825 824 2889 et
849 2814 965 2889 soisl
1017 2814 1101 2890 oeis
1129 2826 1336 2901 catenatos,
1371 2814 1512 2891 orando
1547 2812 1645 2915 quud
1671 2812 1743 2892 do-

349 2910 470 2987 minus
494 2834 678 2988 noster}
699 2932 789 2989 esus
815 2910 978 2990 cbristus
1023 2937 1115 3016 psus
1133 2910 1182 2990 sd
1202 2912 1416 2992 catholicam
1431 2914 1538 2993 fidem
1555 2914 1743 2993 reducere

353 3004 537 3109 dignetur,
562 3032 611 3086 ne
636 3008 748 3115 Ipsos
773 3012 816 3089 Iu
843 3012 907 3089 tali
934 3011 1079 3091 duricia
1105 3028 1142 3091 et
1159 3018 1400 3117 peruersitate
1417 3010 1501 3092 dies
1526 3038 1618 3091 suos
1634 3016 1743 3093 linire

353 3110 539 3211 permittat
562 3104 657 3189 Cum
679 3106 946 3191 decantaciune
972 3116 1202 3216 responsorii
1235 3114 1468 3193 lienelabunt
1500 3115 1573 3192 celi
1600 3116 1742 3217 iniqni-

352 3219 460 3287 taten
486 3206 580 3287 Inde
607 3222 680 3289 etc.
705 3235 751 3291 ac
775 3212 905 3317 psalmi
933 3212 1041 3291 Deus
1073 3212 1220 3291 laudem
1250 3237 1365 3292 meam
1399 3238 1447 3293 ne
1480 3216 1642 3292 tacueris
1669 3226 1740 3294 etc.

351 3320 392 3385 et
414 3308 615 3414 antiphona
638 3310 771 3391 Media
794 3314 872 3389 vito
904 3310 956 3389 Fit
989 3308 1132 3391 demunt
1164 3337 1318 3392 unacum
1345 3312 1492 3394 clericis
1518 3325 1556 3391 ct
1579 3312 1742 3393 subditis
1865 3338 1870 3346 ·

349 3412 490 3485 reseis
514 3408 660 3487 danaus
685 3412 930 3490 ecclesiarum
956 3413 1182 3493 accedentes
1216 3412 1265 3491 ad
1298 3428 1474 3493 terrorem
1509 3414 1642 3535 stipsi
1670 3414 1740 3493 de·

348 3510 510 3586 nunciati
537 3531 585 3587 eo
611 3512 720 3587 citius
745 3510 794 3588 ad
820 3512 1065 3591 obedientiam
1090 3528 1128 3591 et
1152 3525 1280 3593 sancte
1306 3520 1428 3593 matris
1455 3512 1623 3593 ecclesie
1647 3536 1740 3617 gre·

345 3608 455 3683 roiam
481 3602 638 3685 redeant
661 3621 740 3688 tres
764 3607 909 3716 lapides
933 3636 1069 3691 versus
1088 3612 1351 3693 habitaciooem
1375 3640 1499 3693 eorum
1520 3614 1739 3718 proiciendo

346 3704 391 3782 lu
417 3708 562 3808 signum
588 3708 856 3791 maledictionis
882 3723 1011 3791 eterne
1036 3740 1140 3815 quam
1175 3712 1270 3793 dens
1308 3714 1411 3794 dedit
1446 3712 1580 3793 dothan
1607 3724 1646 3793 et
1671 3714 1738 3793 ab·

345 3828 442 3905 pron
467 3829 562 3907 qnos
587 3818 688 3885 terra
710 3813 821 3891 vinos
847 3812 1047 3909 absorbuit,
1073 3816 1179 3891 etiam
1203 3826 1288 3919 post
1310 3816 1458 3894 missam
1495 3828 1533 3893 ct
1568 3814 1611 3891 lu
1653 3833 1738 3892 ser·

343 3906 467 4022 {ouis
490 3906 650 4004 publicis
675 3910 880 3991 solenniter
903 3912 1102 4018 publicetis
1141 3925 1178 3991 et
1209 3916 1256 3993 ab
1295 3916 1382 3993 aliis
1406 3914 1586 4020 publicari
1611 3926 1650 3993 et
1674 3938 1738 3993 or·

346 4024 434 4081 crus
460 4006 592 4085 euitari
618 4006 765 4090 iacietis
799 4024 838 4091 et
870 4016 1087 4115 permittatis
1121 4037 1311 4118 quousque
1345 4016 1442 4095 alius
1476 4040 1499 4093 a
1532 4014 1640 4094 nobis
1674 4012 1738 4093 rel
