4209 5034
766 627 1040 735 episcopatus
1075 624 1330 741 Augustani.
1454 620 1478 702 .’
1647 624 1748 713 245

353 863 396 933 et
420 858 749 957 reaggranncionis
774 880 819 934 ac
845 860 939 937 alias
954 860 1160 961 'grauiores
1186 880 1304 960 penas
1330 870 1366 936 et
1392 859 1604 935 sentencias
1625 882 1745 959 usque
1893 856 1898 861 ’

338 953 405 1060 ιειιί
429 954 713 1034 lnuocacionem
744 956 875 1035 anxilii
909 958 1049 1037 brachii
1084 958 1269 1037 secularis
1295 958 1478 1036 inclusiue
1503 958 1645 1060 absque
1670 960 1746 1036 alia
1892 992 1926 1025 .·

352 1056 367 1131 i
395 1078 518 1131 sorum
543 1058 750 1135 vocacione
775 1072 902 1137 contra
928 1060 1081 1137 eosdem
1102 1059 1321 1235 procedere
1350 1055 1602 1159 Collatorique
1628 1060 1743 1137 bene-

381 1160 521 1238 ciorum
546 1158 888 1237 ecclesiasticorum
921 1184 1066 1239 necnon
1129 1162 1255 1236 ominis
1287 1160 1482 1237 feudorum
1508 1159 1777 1262 qnejpretnn-

350 1256 520 1333 rebelles
544 1271 608 1335 ant
632 1280 756 1334 eorum
782 1259 918 1361 aliquis
952 1285 975 1337 a
1010 1259 1203 1363 quibusuis
1238 1260 1413 1339 ecclesiis
1446 1260 1678 1337 monasteriis
1704 1270 1742 1336 et

350 1356 440 1434 aliis
463 1357 561 1435 locis
586 1359 859 1460 ecclesiasticis
885 1352 935 1438 de
961 1359 1103 1437 eisdem
1140 1370 1250 1463 prout
1272 1359 1460 1438 voluerint
1484 1370 1530 1437 et.
1548 1358 1742 1435 debuerint

351 1456 578 1557 disponendi
603 1460 818 1537 anctoritate
843 1462 1047 1565 apostolica
1081 1460 1224 1563 plenam
1260 1458 1441 1537 vellemus
1468 1458 1558 1535 dare
1583 1459 1741 1535 inculta·
1823 1480 1830 1493 ·

350 1569 426 1635 tem
451 1556 621 1657 aliasque
645 1562 898 1661 processimus
924 1571 961 1638 et
984 1560 1143 1638 lecimus
1169 1570 1277 1663 prout
1302 1560 1345 1635 lu
1372 1557 1514 1635 eisdem
1536 1559 1655 1635 literis
1676 1581 1743 1633 no-

348 1658 443 1736 stris
468 1658 617 1758 plenius
642 1662 847 1737 continetur
882 1685 927 1737 ac
953 1663 1062 1738 etiam
1100 1683 1151 1736 ex
1177 1656 1352 1737 dictarum
1378 1658 1564 1735 literarum
1589 1669 1742 1759 aposto-

346 1756 504 1834 licarum
530 1756 645 1835 forma
671 1762 868 1860 potuimus,
894 1785 1044 1861 quarum
1069 1772 1175 1837 tenor
1208 1758 1256 1835 de
1282 1760 1398 1837 verbo
1425 1757 1475 1835 ad
1499 1758 1651 1835 verbum
1677 1780 1743 1835 se-

330 1858 474 1961 ·qnitnr
507 1866 545 1933 et
578 1869 637 1934 est
662 1859 747 1935 talis
773 1876 816 1939 ut
839 1884 969 1961 snpra.
1020 1858 1313 1960 Quibusquidem
1348 1859 1463 1936 literis
1496 1860 1633 1935 nostris
1667 1880 1745 1933 mo-

348 1956 583 2034 nitorialibns
610 1956 734 2035 debite
760 1960 803 2035 In
828 1960 925 2038 locis
956 1958 1102 2038 adhoc
1128 1984 1196 2063 per
1221 1958 1308 2037 Nos
1335 1958 1470 2037 electis
1496 1954 1743 2060 etdeputatis

348 2056 552 2161 publicatis
589 2069 627 2133 et
660 2062 833 2136 executis
866 2084 912 2136 ac
945 2084 1068 2138 coram
1100 2062 1208 2139 nobis
1247 2060 1291 2135 ln
1323 2061 1474 2136 termino
1507 2057 1556 2135 ad
1591 2058 1663 2135 hoc
1698 2056 1743 2133 In

350 2153 497 2233 eisdem
520 2158 666 2256 prolixo
693 2170 730 2234 et
754 2162 953 2260 assignato,
968 2184 1124 2237 unacum
1158 2184 1283 2237 earum
1308 2161 1540 2235 exeoucione
1565 2180 1635 2260 per
1660 2157 1742 2233 dis·

349 2265 493 2335 cretum
528 2260 643 2335 virum
686 2254 866 2336 dominum
903 2256 1116 2337 Conradum
1153 2258 1247 2337 Occi
1282 2270 1460 2337 rectorem
1496 2256 1741 2361 parrochialis

350 2357 521 2435 ecclesie
554 2357 725 2459 prelibati
759 2358 895 2437 domini
930 2358 1055 2437 lllecti
1087 2368 1363 2479 procuratorem
1399 2372 1506 2461 prout
1545 2359 1653 2435 nobis
1690 2351 1740 2431 de

350 2479 427 2534 sne
450 2461 725 2557 procuracionis
752 2456 918 2536 mandato
950 2459 1124 2559 legitimis
1158 2460 1351 2536 constabat
1384 2468 1421 2534 et
1453 2466 1599 2535 constat
1624 2451 1742 2532 docu-

350 2560 485 2633 mentis
509 2554 750 2636 Judicialiter
774 2557 1009 2661 reprodnotis
1047 2557 1152 2634 Idem
1185 2554 1353 2634 dominus
1379 2552 1578 2633 Conradns
1630 2576 1742 2629 rocu-

351 2666 456 2735 rator
479 2660 623 2735 nornine
649 2681 721 2759 qno
747 2684 862 2758 snpra
884 2659 1138 2761 procuratorio
1165 2656 1344 2735 dictorum
1368 2656 1580 2733 monitorum
1627 2654 1742 2731 nobe·

324 2754 528 2835 ¹dientinm
568 2768 605 2837 et
646 2758 838 2837 rebellium
873 2758 1051 2837 mandatis
1084 2762 1220 2835 nostris
1256 2751 1465 2835 huiusmodi
1501 2753 1743 2833 Immouerins

353 2860 572 2961 apostolicis
604 2860 746 2953 minime
772 2862 974 2962 parentium
1010 2882 1131 2959 neque
1167 2859 1450 2961 comparentium
1484 2854 1743 2933 contumaciam

352 2960 549 3035 accusauit
573 2956 594 3034 1
620 2982 759 3061 sosque
784 2972 1019 3037 contumaces
1055 2960 1235 3063 reputari,
1274 2966 1310 3035 et
1335 2956 1380 3033 ln
1406 2978 1531 3034 corum
1556 2965 1743 3033 contuma-

354 3062 448 3135 ciam
473 3081 542 3161 per
607 3082 651 3136 os
675 3056 725 3135 ad
750 3058 1045 3138 declarncionem
1077 3060 1349 3137 sententiarum
1383 3067 1421 3133 ct
1454 3078 1628 3159 penarum
1653 3076 1742 3157 pre-

289 3188 294 3199 ’
353 3154 534 3236 dictarum
558 3182 605 3237 ac
630 3158 679 3235 ad
704 3162 821 3237 omnia
845 3161 918 3237 alia
943 3173 982 3238 nt
1007 3161 1157 3261 singula
1181 3162 1362 3263 premissa
1386 3167 1516 3235 contra
1541 3179 1609 3233 eos
1623 3154 1742 3257 Juxta

352 3262 428 3335 vim
453 3258 602 3337 formam
617 3268 667 3360 *et
690 3270 852 3337 tenorem
877 3260 1064 3337 literarum
1085 3259 1370 3363 apostolicarum
1389 3255 1635 3359 predictarum
1653 3274 1742 3355 pre-

354 3357 534 3435 dictarum
558 3358 715 3463 procedi
741 3354 865 3437 debita
890 3382 972 3437 cnm
996 3362 1183 3437 Instancin
1207 3358 1406 3461 postulauit
1437 3352 1524 3433 Nos
1555 3366 1642 3431 tunc
1671 3350 1743 3428 Jo-

353 3480 473 3535 annes
499 3458 822 3561 Archiepiscopns
848 3454 1135 3537 commissarius
1162 3469 1199 3535 et
1221 3466 1405 3536 executor
1428 3453 1596 3558 prelatus
1623 3450 1743 3527 dictos

353 3561 511 3635 monitos
536 3559 801 3637 lnobedientcs
827 3570 865 3636 et
889 3557 1054 3637 rebelles
1078 3558 1122 3636 ln
1148 3560 1299 3636 termino
1324 3555 1469 3659 prolixo
1494 3566 1533 3631 ut
1558 3550 1746 3656 profertur

354 3682 429 3737 non
455 3669 714 3764 comparentes
738 3661 988 3765 reputauimns
1013 3662 1141 3739 merito
1167 3656 1349 3735 suadente
1374 3656 1534 3733 Justicia
1559 3665 1744 3730 contume-

357 3780 428 3836 ces
452 3772 491 3837 et
513 3760 558 3836 ln
584 3783 718 3847 eorum-
736 3761 994 3837 contumaciam
1018 3756 1252 3839 auendentes
1289 3756 1568 3859 requiaicionem
1594 3747 1745 3855 predic-

354 3868 426 3938 tam
462 3859 607 3937 Justam
645 3862 729 3939 tore
760 3872 798 3936 et
829 3863 1027 3938 consonam
1065 3861 1221 3953 rationi,
1261 3858 1507 3957 volentesque
1541 3848 1746 3931 mandmnm

334 3956 601 4063 'apostolicum
624 3961 732 4038 nobis
755 3960 799 4036 ln
824 3960 895 4039 bac
912 3972 1024 4131 parte
1049 3959 1228 4039 directum
1250 3968 1292 4035 rt
1311 3954 1516 4061 predicitur
1531 3954 1579 4031 nd
1594 3954 1743 4055 plenum

355 4064 496 4161 exequi
521 4058 609 4137 nilril
635 4059 684 4137 de
709 4064 887 4138 contentis
932 4087 954 4136 n
987 4055 1120 4139 eodem
1153 4054 1374 4139 obmittendo
1410 4065 1657 4136 antonomum
1692 4050 1743 4131 Et

381 4162 445 4237 uia
483 4184 552 4263 per
590 4158 892 4239 lnlormacioncm
923 4162 1149 4239 summarium
1182 4160 1329 4237 testium
1360 4177 1483 4234 coram
1515 4154 1622 4234 nobis
1653 4174 1743 4254 pro-

353 4185 547 4339 ductorum
571 4272 804 4365 receptorum
827 4260 872 4339 1n
899 4263 1036 4340 nostris
1061 4260 1227 4340 manibus
1243 4259 1455 4339 Juratorum
1481 4266 1518 4333 et
1544 4254 1746 4354 diligenter
