4209 5034
485 499 588 589 390
1016 489 1022 510 '
1063 494 1288 583 Urbesium
1322 477 1326 481 ’
1430 498 1432 503 ’

581 731 675 810 Item
700 731 737 805 iu
763 726 1074 810 Scbnilrenbercb
1097 729 1138 806 11
1163 727 1307 808 modios
1330 729 1493 830 siliginis
1519 725 1559 802 11
1583 722 1725 803 modios
1746 751 1846 809 nuere

484 833 583 909 VIII
608 826 753 907 soIIdos
780 829 1023 905 denariorum.
1336 829 1340 836 '

583 932 674 1006 Item
701 927 963 1006 Oiternoboien
988 929 1101 1006 soluit
1127 931 1223 1004 sicut
1274 927 1471 1006 recedens.

582 1030 674 1106 Item
700 1029 952 1105 Moleudinum
977 1031 1014 1104 iu
1046 953 1367 1106 woiimnosIouen
1390 1027 1441 1104 X.
1466 1023 1612 1102 solidos
1640 1022 1851 1106 denariorum

486 1141 524 1207 et
549 1130 569 1205 I
594 1129 740 1232 pullum.
792 1128 883 1205 Item
916 1129 966 1204 Π.
999 1151 1090 1203 eree
1121 1127 1257 1206 ibidem
1292 1129 1333 1204 11
1366 1129 1502 1230 pulice.
1552 1123 1642 1200 Item
1677 1127 1744 1200 trin
1772 1127 1852 1203 bom

484 1227 638 1322 ibidem,
676 1251 747 1333 que
774 1227 944 1304 dicuntur
967 1226 1268 1305 snutkatberiueu
1293 1241 1384 1326 guot
1416 1245 1621 1326 ursperger
1650 1237 1737 1319 guot
1765 1227 1854 1302 iseo'·

487 1327 613 1405 niobes
630 1338 731 1426 gunt,
756 1337 842 1403 suut
867 1326 999 1402 domini
1017 1327 1197 1428 Episcopi
1223 1340 1261 1404 et
1284 1351 1355 1402 non
1381 1338 1466 1402 suut
1483 1327 1604 1400 tonna
1627 1321 1700 1400 sed
1721 1326 1757 1398 in
1779 1349 1855 1426 pre-

488 1429 585 1504 senti
610 1425 803 1504 soiuuutl
834 1425 961 1502 librom
998 1426 1238 1504 denariorum·
1288 1427 1379 1504 Item
1413 1433 1500 1502 suut
1532 1424 1583 1500 ibi
1606 1419 1647 1496 X
1680 1421 1858 1522 togwerch

486 1530 607 1703 proti.h
623 1527 714 1602 Item
732 1529 768 1602 iu
785 1524 1090 1604 Grnmneshouen
1114 1528 1135 1603 I
1159 1525 1355 1628 tngwercd
1378 1525 1485 1628 proti.
1522 1523 1615 1598 Item
1629 1521 1737 1598 locun
1751 1523 1856 1600 dictus

513 1651 559 1704 nu
609 1633 673 1701 nrt·
979 1689 982 1694 .

584 1723 675 1801 Item
701 1724 843 1801 cultura
867 1719 1010 1818 Oestri,
1036 1749 1109 1826 qne
1142 1723 1307 1804 extendit
1339 1747 1385 1802 se
1418 1724 1457 1798 in
1489 1724 1667 1798 uniuerso
1692 1719 1742 1798 cd
1765 1718 1860 1796 XXX
1959 1792 1960 1819 p

321 1855 322 1858 ¹
486 1827 617 1924 iugera
643 1847 822 1923 agrorum.

586 1922 677 1996 Item
701 1925 738 1996 in
764 1919 1063 2000 Voiricbesrieth
1087 1921 1203 1996 XVII
1228 1917 1374 1998 solidos
1400 1919 1631 1996 denariorum
1657 1920 1840 1996 emmunim

587 2021 673 2095 Hec
706 2029 790 2094 sunt
821 2021 915 2094 bono
951 2021 1192 2120 pertinencia
1224 2017 1360 2096 Castro
1396 2019 1633 2120 Sitritsperg·
1683 2018 1804 2094 Primo
1831 2019 1863 2094 iu

485 2117 727 2194 Rvmnltsmet
750 2115 860 2194 hebet
885 2114 1052 2194 domiuus
1077 2118 1289 2219 Episcopus
1319 2122 1380 2215 ius
1413 2114 1651 2222 presentandi
1675 2116 1863 2194 Rectorem

486 2215 667 2293 Ecclesie
682 2215 818 2292 ibidem
844 2217 1069 2318 etproJure
1094 2218 1324 2295 aduocaticio
1350 2215 1402 2316 de
1427 2212 1557 2294 endem
1572 2217 1741 2295 ecclesio
1765 2215 1863 2293 bnbet

486 2315 644 2392 modium
667 2337 799 2392 sueno·
836 2315 926 2392 Item
950 2316 988 2390 iu
1005 2314 1258 2416 Maiogriodei
1283 2317 1333 2394 de
1357 2317 1473 2394 tribus
1499 2312 1641 2419 prediis
1665 2313 1708 2391 11
1732 2315 1862 2392 modion

487 2413 1864 2594 dirigocliticoneiurioaiirigatinctiirocittiiiodoliirrriadgiffiolgriiiirigfiiidnet

488 2613 547 2689 IV
570 2623 742 2689 metretas
767 2539 885 2692 Inone
911 2637 979 2716 pro
1002 2618 1085 2692 iure
1109 2613 1353 2693 advoceticio·
1391 2617 1484 2694 Item
1509 2613 1557 2692 de
1579 2612 1700 2692 Curia
1715 2614 1864 2692 Kemmt

488 2712 655 2788 inferiori
693 2711 893 2790 ImodIum
924 2737 1044 2791 sueno
1077 2739 1143 2816 pro
1175 2717 1257 2792 iure
1287 2711 1528 2792 aduocaticio·
1578 2714 1671 2792 Item
1695 2713 1863 2792 Ecolesin

490 2811 710 2906 oruoltnriet,
737 2837 839 2912 quam
866 2813 1008 2890 confert
1023 2815 1202 2891 Dominus
1228 2815 1443 2918 Episcopus
1468 2813 1637 2891 Medium
1660 2838 1784 2891 auene
1806 2833 1863 2914 pro
1961 2802 1962 2823 ¹

490 2911 571 2986 iure
587 2909 831 2988 nduocoticio.
870 2910 1036 2989 Itemde
1058 2916 1225 2992 ecclesie
1247 2917 1284 2990 io
1299 2915 1387 2992 Biet
1411 2938 1516 3030 quom
1534 2912 1682 2992 confert
1707 2909 1862 2990 domiuus

490 3007 704 3108 Episcopus
729 3009 896 3084 Medium
921 3034 1041 3087 soene
1067 3035 1134 3112 pro
1159 3016 1241 3090 iure
1266 3014 1508 3090 sduooubcio.
1552 3013 1644 3089 Item
1669 3011 1784 3090 hebet
1804 3011 1862 3086 ibi·

493 3105 575 3182 dem
600 3105 772 3184 iudicium
798 3118 834 3183 et
859 3130 993 3184 merom
1019 3110 1306 3188 iurisdictionem
1331 3116 1367 3188 io
1394 3122 1470 3191 tote
1493 3110 1596 3189 villu„
1646 3112 1743 3188 Item
1766 3109 1863 3188 hebet

488 3209 556 3308 jus
579 3203 713 3283 ibidem
741 3207 985 3284 constituendi
1010 3208 1201 3288 Pastorem
1228 3211 1276 3288 de
1302 3235 1373 3313 quo
1398 3215 1481 3288 iure
1505 3207 1637 3287 deutur
1661 3211 1724 3288 IV
1749 3211 1842 3311 pubi.

590 3305 680 3381 Item
706 3308 743 3379 in
769 3301 960 3382 holtzhnrn
986 3320 1044 3384 est
1077 3313 1179 3386 curie
1213 3310 1311 3388 dicto
1336 3309 1547 3400 uerrucis,-
1573 3335 1645 3411 que
1679 3311 1792 3387 soluit
1813 3303 1863 3384 IV

492 3399 635 3480 modios
658 3403 772 3504 siguli
797 3405 855 3482 IV
879 3405 1023 3484 modios
1047 3431 1169 3486 oneue
1191 3409 1228 3486 X
1252 3406 1659 3497 solidosdeuanorum·
1701 3411 1792 3486 Item
1813 3413 1865 3482 est

491 3499 625 3578 ibidem
649 3528 758 3579 vuum
785 3501 985 3601 Selleben,
1042 3505 1116 3585 uod
1141 3509 1228 3585 colit
1254 3508 1375 3587 dictos
1401 3506 1607 3586 Cbuoboch
1640 3508 1741 3608 quod
1764 3505 1865 3585 soluit

491 3599 549 3677 VI
574 3600 718 3720 solidos
741 3599 980 3682 denariorum·
1018 3534 1124 3684 Item
1149 3621 1208 3686 est
1230 3610 1281 3684 ibi
1307 3609 1485 3712 predium,
1514 3609 1611 3708 quod
1637 3610 1728 3685 coiit
1753 3607 1863 3683 dnus

494 3697 700 3795 Gozewru,
739 3701 837 3805 quod
869 3705 983 3783 soluit
1015 3707 1132 3784 XXII
1150 3704 1305 3784 ‘solidos
1337 3706 1580 3784 denariorum.
1626 3708 1719 3784 Item
1746 3706 1864 3802 ‚metm

493 3799 649 3878 wallum
675 3799 724 3882 de
747 3804 889 3906 predio,
915 3805 1011 3905 quod
1039 3807 1128 3883 colit
1151 3807 1230 3883 XII
1253 3808 1396 3884 solidos
1422 3803 1661 3884 denariorum
1705 3805 1798 3883 Item
1819 3799 1862 3878 de

494 3898 649 4001 quodem
673 3903 891 3982 Moleudino
916 3905 1041 3984 libram
1066 3903 1305 3987 denariorum

593 4001 683 4080 Item
709 4005 757 4082 de
809 4005 937 4081 nodam
964 4005 1094 4107 predio
1125 4007 1344 4101 imitemin,
1382 4002 1481 4108 qood
1515 4006 1603 4083 coiit
1639 4005 1741 4082 dicta
1765 4001 1862 4078 dese

495 4095 624 4177 ostem
648 4103 688 4178 V
710 4029 854 4182 soliios
880 4105 1125 4184 denariorum„
1169 4106 1259 4184 Item
1284 4109 1388 4184 corin
1411 4107 1583 4184 vitonis
1602 4105 1739 4184 ibidem
1762 4099 1866 4178 soluit
