<?xml version="1.0" encoding="UTF-8"?>
<!DOCTYPE html PUBLIC "-//W3C//DTD XHTML 1.0 Transitional//EN"
    "http://www.w3.org/TR/xhtml1/DTD/xhtml1-transitional.dtd">
<html xmlns="http://www.w3.org/1999/xhtml" xml:lang="en" lang="en">
 <head>
  <title>
</title>
<meta http-equiv="Content-Type" content="text/html;charset=utf-8" />
  <meta name='ocr-system' content='tesseract 3.04.00' />
  <meta name='ocr-capabilities' content='ocr_page ocr_carea ocr_par ocr_line ocrx_word'/>
</head>
<body>
  <div class='ocr_page' id='page_1' title='image "./monumentaboicae20landgoog_0067.png"; bbox 0 0 4209 5034; ppageno 0'>
   <div class='ocr_carea' id='block_1_1' title="bbox 370 508 1259 607">
    <p class='ocr_par' dir='ltr' id='par_1_1' title="bbox 370 508 1259 607">
     <span class='ocr_line' id='line_1_1' title="bbox 370 508 1259 607; baseline -0.003 0"><span class='ocrx_word' id='word_1_1' title='bbox 370 508 438 607; x_wconf 78' lang='grc'><strong>60</strong></span> <span class='ocrx_word' id='word_1_2' title='bbox 750 571 770 588; x_wconf 88' lang='grc'><strong>--</strong></span> <span class='ocrx_word' id='word_1_3' title='bbox 925 515 1197 607; x_wconf 76' lang='lat' dir='ltr'><strong>Monumenta</strong></span> <span class='ocrx_word' id='word_1_4' title='bbox 1255 524 1259 531; x_wconf 85' lang='grc'><strong>’</strong></span> 
     </span>
    </p>
   </div>
   <div class='ocr_carea' id='block_1_2' title="bbox 260 705 1746 1051">
    <p class='ocr_par' dir='ltr' id='par_1_2' title="bbox 260 705 1746 1051">
     <span class='ocr_line' id='line_1_2' title="bbox 298 705 1746 858; baseline 0.004 -32"><span class='ocrx_word' id='word_1_5' title='bbox 298 705 304 721; x_wconf 42' lang='lat'><strong><em>¹</em></strong></span> <span class='ocrx_word' id='word_1_6' title='bbox 361 740 533 848; x_wconf 81' lang='lat' dir='ltr'><strong>Hertzog</strong></span> <span class='ocrx_word' id='word_1_7' title='bbox 556 745 748 852; x_wconf 77' lang='lat' dir='ltr'><strong>Stephano</strong></span> <span class='ocrx_word' id='word_1_8' title='bbox 771 747 998 852; x_wconf 74' lang='lat' dir='ltr'><strong>Ptolltugrci</strong></span> <span class='ocrx_word' id='word_1_9' title='bbox 1019 751 1095 853; x_wconf 83' lang='lat' dir='ltr'><strong>bey</strong></span> <span class='ocrx_word' id='word_1_10' title='bbox 1116 751 1217 828; x_wconf 84' lang='lat' dir='ltr'><strong>Bein</strong></span> <span class='ocrx_word' id='word_1_11' title='bbox 1249 742 1327 824; x_wconf 78' lang='lat' dir='ltr'><strong>und</strong></span> <span class='ocrx_word' id='word_1_12' title='bbox 1349 747 1522 851; x_wconf 73' lang='lat' dir='ltr'><strong>Hertuog</strong></span> <span class='ocrx_word' id='word_1_13' title='bbox 1555 751 1594 830; x_wconf 92' lang='lat' dir='ltr'><strong>in</strong></span> <span class='ocrx_word' id='word_1_14' title='bbox 1617 753 1746 858; x_wconf 81' lang='lat' dir='ltr'><strong>Boyrn</strong></span> 
     </span>
     <span class='ocr_line' id='line_1_3' title="bbox 360 845 1743 950; baseline 0.007 -25"><span class='ocrx_word' id='word_1_15' title='bbox 360 851 444 926; x_wconf 87' lang='lat' dir='ltr'><strong>sein</strong></span> <span class='ocrx_word' id='word_1_16' title='bbox 468 849 612 949; x_wconf 82' lang='lat' dir='ltr'><strong>Insigel</strong></span> <span class='ocrx_word' id='word_1_17' title='bbox 635 847 733 926; x_wconf 81' lang='lat' dir='ltr'><strong>euch</strong></span> <span class='ocrx_word' id='word_1_18' title='bbox 756 847 871 924; x_wconf 87' lang='lat' dir='ltr'><strong>heran</strong></span> <span class='ocrx_word' id='word_1_19' title='bbox 904 850 1102 950; x_wconf 79' lang='lat' dir='ltr'><strong>gehangen</strong></span> <span class='ocrx_word' id='word_1_20' title='bbox 1133 851 1182 925; x_wconf 91' lang='lat' dir='ltr'><strong>im</strong></span> <span class='ocrx_word' id='word_1_21' title='bbox 1217 845 1295 924; x_wconf 79' lang='lat' dir='ltr'><strong>rud</strong></span> <span class='ocrx_word' id='word_1_22' title='bbox 1317 851 1450 926; x_wconf 90' lang='lat' dir='ltr'><strong>seiuen</strong></span> <span class='ocrx_word' id='word_1_23' title='bbox 1473 846 1552 926; x_wconf 82' lang='lat' dir='ltr'><strong>und</strong></span> <span class='ocrx_word' id='word_1_24' title='bbox 1575 855 1642 930; x_wconf 89' lang='lat' dir='ltr'><strong>mir</strong></span> <span class='ocrx_word' id='word_1_25' title='bbox 1665 857 1743 935; x_wconf 86' lang='lat' dir='ltr'><strong>rntI</strong></span> 
     </span>
     <span class='ocr_line' id='line_1_4' title="bbox 260 946 1744 1051; baseline 0.006 -27"><span class='ocrx_word' id='word_1_26' title='bbox 260 955 264 970; x_wconf 89' lang='lat'>&#39;</span> <span class='ocrx_word' id='word_1_27' title='bbox 361 949 506 1025; x_wconf 90' lang='lat' dir='ltr'><strong>meinen</strong></span> <span class='ocrx_word' id='word_1_28' title='bbox 531 950 645 1023; x_wconf 91' lang='lat' dir='ltr'><strong>erben</strong></span> <span class='ocrx_word' id='word_1_29' title='bbox 670 971 743 1024; x_wconf 82' lang='lat' dir='ltr'><strong>eun</strong></span> <span class='ocrx_word' id='word_1_30' title='bbox 767 948 934 1025; x_wconf 86' lang='lat' dir='ltr'><strong>schaden</strong></span> <span class='ocrx_word' id='word_1_31' title='bbox 958 951 1043 1025; x_wconf 83' lang='lat' dir='ltr'><strong>Dan</strong></span> <span class='ocrx_word' id='word_1_32' title='bbox 1062 953 1125 1050; x_wconf 69' lang='lat' dir='ltr'><strong>¹ist</strong></span> <span class='ocrx_word' id='word_1_33' title='bbox 1157 946 1375 1048; x_wconf 78' lang='lat' dir='ltr'><strong>geschehcn</strong></span> <span class='ocrx_word' id='word_1_34' title='bbox 1411 974 1462 1025; x_wconf 82' lang='lat' dir='ltr'><strong>zu</strong></span> <span class='ocrx_word' id='word_1_35' title='bbox 1486 950 1672 1051; x_wconf 83' lang='lat' dir='ltr'><strong>Aychaclr</strong></span> <span class='ocrx_word' id='word_1_36' title='bbox 1695 981 1744 1033; x_wconf 73' lang='lat' dir='ltr'><strong>au</strong></span> 
     </span>
    </p>
   </div>
   <div class='ocr_carea' id='block_1_3' title="bbox 232 1045 1873 1238">
    <p class='ocr_par' dir='ltr' id='par_1_3' title="bbox 232 1045 1873 1238">
     <span class='ocr_line' id='line_1_5' title="bbox 232 1045 1796 1152; baseline 0.004 -28"><span class='ocrx_word' id='word_1_37' title='bbox 232 1089 238 1096; x_wconf 92' lang='lat'><em>·</em></span> <span class='ocrx_word' id='word_1_38' title='bbox 360 1045 429 1122; x_wconf 88' lang='lat' dir='ltr'><strong>der</strong></span> <span class='ocrx_word' id='word_1_39' title='bbox 451 1047 629 1123; x_wconf 87' lang='lat' dir='ltr'><strong>uach&#39;sten</strong></span> <span class='ocrx_word' id='word_1_40' title='bbox 655 1050 794 1123; x_wconf 83' lang='lat' dir='ltr'><strong>mikten</strong></span> <span class='ocrx_word' id='word_1_41' title='bbox 818 1049 912 1125; x_wconf 81' lang='lat' dir='ltr'><strong>nach</strong></span> <span class='ocrx_word' id='word_1_42' title='bbox 928 1063 1020 1126; x_wconf 82' lang='lat' dir='ltr'><strong>sant</strong></span> <span class='ocrx_word' id='word_1_43' title='bbox 1042 1048 1204 1147; x_wconf 71' lang='lat' dir='ltr'><strong>Martius</strong></span> <span class='ocrx_word' id='word_1_44' title='bbox 1226 1059 1291 1146; x_wconf 78' lang='lat' dir='ltr'><strong>teg</strong></span> <span class='ocrx_word' id='word_1_45' title='bbox 1315 1046 1428 1126; x_wconf 82' lang='lat' dir='ltr'><strong>Nach</strong></span> <span class='ocrx_word' id='word_1_46' title='bbox 1453 1045 1570 1127; x_wconf 81' lang='lat' dir='ltr'><strong>Oristi</strong></span> <span class='ocrx_word' id='word_1_47' title='bbox 1597 1054 1745 1152; x_wconf 84' lang='lat' dir='ltr'><strong>geburtI</strong></span> <span class='ocrx_word' id='word_1_48' title='bbox 1792 1063 1796 1071; x_wconf 81' lang='grc'><strong>’</strong></span> 
     </span>
     <span class='ocr_line' id='line_1_6' title="bbox 361 1143 1873 1238; baseline 0.003 -16"><span class='ocrx_word' id='word_1_49' title='bbox 361 1144 591 1223; x_wconf 84' lang='lat' dir='ltr'><strong>drewuehen</strong></span> <span class='ocrx_word' id='word_1_50' title='bbox 616 1143 788 1222; x_wconf 79' lang='lat' dir='ltr'><strong>Hundert</strong></span> <span class='ocrx_word' id='word_1_51' title='bbox 811 1147 882 1225; x_wconf 84' lang='lat' dir='ltr'><strong>Jar</strong></span> <span class='ocrx_word' id='word_1_52' title='bbox 906 1149 981 1227; x_wconf 86' lang='lat' dir='ltr'><strong>rud</strong></span> <span class='ocrx_word' id='word_1_53' title='bbox 1005 1149 1076 1227; x_wconf 88' lang='lat' dir='ltr'><strong>dar</strong></span> <span class='ocrx_word' id='word_1_54' title='bbox 1097 1147 1258 1226; x_wconf 78' lang='lat' dir='ltr'><strong>raschin</strong></span> <span class='ocrx_word' id='word_1_55' title='bbox 1283 1146 1367 1226; x_wconf 84' lang='lat' dir='ltr'><strong>dem</strong></span> <span class='ocrx_word' id='word_1_56' title='bbox 1402 1174 1476 1238; x_wconf 84' lang='lat' dir='ltr'><strong>nun</strong></span> <span class='ocrx_word' id='word_1_57' title='bbox 1508 1149 1585 1229; x_wconf 73' lang='lat' dir='ltr'><strong>und</strong></span> <span class='ocrx_word' id='word_1_58' title='bbox 1609 1151 1762 1232; x_wconf 59' lang='lat' dir='ltr'><strong>Aures</strong></span> <span class='ocrx_word' id='word_1_59' title='bbox 1802 1163 1806 1170; x_wconf 85' lang='grc'><em>“</em></span> <span class='ocrx_word' id='word_1_60' title='bbox 1867 1189 1873 1200; x_wconf 38' lang='lat' dir='ltr'><strong>r</strong></span> 
     </span>
    </p>
   </div>
   <div class='ocr_carea' id='block_1_4' title="bbox 360 1241 1660 1370">
    <p class='ocr_par' dir='ltr' id='par_1_4' title="bbox 360 1241 1660 1370">
     <span class='ocr_line' id='line_1_7' title="bbox 360 1241 1660 1370; baseline 0.002 -46"><span class='ocrx_word' id='word_1_61' title='bbox 360 1255 495 1345; x_wconf 76' lang='lat' dir='ltr'><strong>gosten</strong></span> <span class='ocrx_word' id='word_1_62' title='bbox 518 1244 597 1324; x_wconf 85' lang='lat' dir='ltr'><strong>Jur.</strong></span> <span class='ocrx_word' id='word_1_63' title='bbox 623 1241 672 1341; x_wconf 89' lang='lat' dir='ltr'><strong>(c.</strong></span> <span class='ocrx_word' id='word_1_64' title='bbox 698 1249 728 1324; x_wconf 79' lang='lat'><em>2</em></span> <span class='ocrx_word' id='word_1_65' title='bbox 756 1245 822 1340; x_wconf 72' lang='grc' dir='ltr'><strong>Β.)</strong></span> <span class='ocrx_word' id='word_1_66' title='bbox 1006 1355 1012 1370; x_wconf 62' lang='lat'>„</span> <span class='ocrx_word' id='word_1_67' title='bbox 1656 1303 1660 1310; x_wconf 85' lang='lat'><em>-</em></span> 
     </span>
    </p>
   </div>
   <div class='ocr_carea' id='block_1_5' title="bbox 942 1596 1155 1686">
    <p class='ocr_par' dir='ltr' id='par_1_5' title="bbox 942 1596 1155 1686">
     <span class='ocr_line' id='line_1_8' title="bbox 942 1596 1155 1686; baseline 0 -2"><span class='ocrx_word' id='word_1_68' title='bbox 942 1596 1155 1686; x_wconf 87' lang='lat' dir='ltr'><strong>XXXIII.</strong></span> 
     </span>
    </p>
   </div>
   <div class='ocr_carea' id='block_1_6' title="bbox 811 1815 1294 1886">
    <p class='ocr_par' dir='ltr' id='par_1_6' title="bbox 811 1815 1294 1886">
     <span class='ocr_line' id='line_1_9' title="bbox 811 1815 1294 1886; baseline -0.006 -8"><span class='ocrx_word' id='word_1_69' title='bbox 811 1819 899 1879; x_wconf 78' lang='lat' dir='ltr'><strong>Anno</strong></span> <span class='ocrx_word' id='word_1_70' title='bbox 922 1819 1016 1880; x_wconf 79' lang='lat' dir='ltr'><strong>teet.</strong></span> <span class='ocrx_word' id='word_1_71' title='bbox 1050 1821 1103 1880; x_wconf 73' lang='lat'><strong>13.</strong></span> <span class='ocrx_word' id='word_1_72' title='bbox 1125 1815 1294 1886; x_wconf 74' lang='lat' dir='ltr'><strong>Fchrumii.</strong></span> 
     </span>
    </p>
   </div>
   <div class='ocr_carea' id='block_1_7' title="bbox 343 1941 1762 2235">
    <p class='ocr_par' dir='ltr' id='par_1_7' title="bbox 343 1941 1762 2235">
     <span class='ocr_line' id='line_1_10' title="bbox 343 1941 1762 2204; baseline 0.002 -118"><span class='ocrx_word' id='word_1_73' title='bbox 343 1991 569 2088; x_wconf 76' lang='lat' dir='ltr'><strong>&#39;Statumm</strong></span> <span class='ocrx_word' id='word_1_74' title='bbox 595 1941 828 2108; x_wconf 75' lang='lat' dir='ltr'><strong>capitulare</strong></span> <span class='ocrx_word' id='word_1_75' title='bbox 858 2025 937 2112; x_wconf 88' lang='lat' dir='ltr'><strong>per</strong></span> <span class='ocrx_word' id='word_1_76' title='bbox 967 2001 1079 2141; x_wconf 69' lang='lat' dir='ltr'><strong>quod</strong></span> <span class='ocrx_word' id='word_1_77' title='bbox 1099 1941 1578 2204; x_wconf 55' lang='lat' dir='ltr'><strong>ppraeposituroecertoe</strong></span> <span class='ocrx_word' id='word_1_78' title='bbox 1594 2001 1762 2088; x_wconf 80' lang='lat' dir='ltr'><strong>cuniae.</strong></span> 
     </span>
     <span class='ocr_line' id='line_1_11' title="bbox 890 2141 1181 2235; baseline -0.014 -32"><span class='ocrx_word' id='word_1_79' title='bbox 890 2141 1100 2235; x_wconf 77' lang='lat' dir='ltr'><strong>assignem</strong></span> <span class='ocrx_word' id='word_1_80' title='bbox 1169 2175 1181 2199; x_wconf 85' lang='lat'><strong>.</strong></span> 
     </span>
    </p>
   </div>
   <div class='ocr_carea' id='block_1_8' title="bbox 452 2344 1738 2448">
    <p class='ocr_par' dir='ltr' id='par_1_8' title="bbox 452 2344 1738 2448">
     <span class='ocr_line' id='line_1_12' title="bbox 452 2344 1738 2448; baseline 0.001 -25"><span class='ocrx_word' id='word_1_81' title='bbox 452 2347 497 2424; x_wconf 95' lang='lat' dir='ltr'><strong>Iu</strong></span> <span class='ocrx_word' id='word_1_82' title='bbox 521 2351 662 2427; x_wconf 89' lang='lat' dir='ltr'><strong>nomine</strong></span> <span class='ocrx_word' id='word_1_83' title='bbox 687 2344 822 2426; x_wconf 80' lang='lat' dir='ltr'><strong>domini</strong></span> <span class='ocrx_word' id='word_1_84' title='bbox 845 2353 960 2428; x_wconf 89' lang='lat' dir='ltr'><strong>nostri</strong></span> <span class='ocrx_word' id='word_1_85' title='bbox 982 2350 1082 2428; x_wconf 89' lang='lat' dir='ltr'><strong>Jesu</strong></span> <span class='ocrx_word' id='word_1_86' title='bbox 1101 2346 1241 2427; x_wconf 76' lang='lat' dir='ltr'><strong>Christi</strong></span> <span class='ocrx_word' id='word_1_87' title='bbox 1265 2369 1373 2422; x_wconf 77' lang='lat' dir='ltr'><strong>emen</strong></span> <span class='ocrx_word' id='word_1_88' title='bbox 1396 2353 1468 2424; x_wconf 83' lang='lat' dir='ltr'><strong>etc.</strong></span> <span class='ocrx_word' id='word_1_89' title='bbox 1516 2345 1604 2425; x_wconf 83' lang='lat' dir='ltr'><strong>Nos</strong></span> <span class='ocrx_word' id='word_1_90' title='bbox 1626 2346 1738 2448; x_wconf 81' lang='lat' dir='ltr'><strong>igitur</strong></span> 
     </span>
    </p>
   </div>
   <div class='ocr_carea' id='block_1_9' title="bbox 355 2437 2027 2552">
    <p class='ocr_par' dir='ltr' id='par_1_9' title="bbox 355 2437 2027 2552">
     <span class='ocr_line' id='line_1_13' title="bbox 355 2437 2027 2552; baseline 0.005 -29"><span class='ocrx_word' id='word_1_91' title='bbox 355 2444 509 2524; x_wconf 84' lang='lat' dir='ltr'><strong>Vlricus</strong></span> <span class='ocrx_word' id='word_1_92' title='bbox 534 2450 751 2552; x_wconf 83' lang='lat' dir='ltr'><strong>Burggratii</strong></span> <span class='ocrx_word' id='word_1_93' title='bbox 776 2449 959 2546; x_wconf 72' lang='lat' dir='ltr'><strong>decanus,</strong></span> <span class='ocrx_word' id='word_1_94' title='bbox 993 2437 1200 2549; x_wconf 80' lang='lat' dir='ltr'><strong>Totumque</strong></span> <span class='ocrx_word' id='word_1_95' title='bbox 1225 2443 1435 2549; x_wconf 75' lang='lat' dir='ltr'><strong>Capitulum</strong></span> <span class='ocrx_word' id='word_1_96' title='bbox 1459 2445 1628 2526; x_wconf 81' lang='lat' dir='ltr'><strong>ecclesie</strong></span> <span class='ocrx_word' id='word_1_97' title='bbox 1651 2453 1745 2524; x_wconf 80' lang='lat' dir='ltr'><strong>Au·</strong></span> <span class='ocrx_word' id='word_1_98' title='bbox 1886 2533 1894 2540; x_wconf 68' lang='grc'><em>,</em></span> <span class='ocrx_word' id='word_1_99' title='bbox 2018 2510 2027 2532; x_wconf 72' lang='grc'><strong><em>,</em></strong></span> 
     </span>
    </p>
   </div>
   <div class='ocr_carea' id='block_1_10' title="bbox 274 2541 1767 4234">
    <p class='ocr_par' dir='ltr' id='par_1_10' title="bbox 274 2541 1767 4234">
     <span class='ocr_line' id='line_1_14' title="bbox 340 2541 1739 2650; baseline 0.002 -30"><span class='ocrx_word' id='word_1_100' title='bbox 340 2549 544 2644; x_wconf 75' lang='lat' dir='ltr'><strong>·gustensis</strong></span> <span class='ocrx_word' id='word_1_101' title='bbox 569 2561 638 2626; x_wconf 90' lang='lat' dir='ltr'><strong>etc.</strong></span> <span class='ocrx_word' id='word_1_102' title='bbox 664 2547 714 2626; x_wconf 87' lang='lat' dir='ltr'><strong>de</strong></span> <span class='ocrx_word' id='word_1_103' title='bbox 740 2555 882 2626; x_wconf 89' lang='lat' dir='ltr'><strong>comuni</strong></span> <span class='ocrx_word' id='word_1_104' title='bbox 904 2553 1059 2627; x_wconf 92' lang='lat' dir='ltr'><strong>omnium</strong></span> <span class='ocrx_word' id='word_1_105' title='bbox 1082 2561 1244 2626; x_wconf 91' lang='lat' dir='ltr'><strong>nostrum</strong></span> <span class='ocrx_word' id='word_1_106' title='bbox 1267 2569 1428 2624; x_wconf 85' lang='lat' dir='ltr'><strong>assensu</strong></span> <span class='ocrx_word' id='word_1_107' title='bbox 1451 2558 1538 2624; x_wconf 91' lang='lat' dir='ltr'><strong>tunc</strong></span> <span class='ocrx_word' id='word_1_108' title='bbox 1553 2549 1601 2628; x_wconf 84' lang='lat' dir='ltr'><strong>in</strong></span> <span class='ocrx_word' id='word_1_109' title='bbox 1620 2541 1739 2650; x_wconf 84' lang='lat' dir='ltr'><strong>Capi-</strong></span> 
     </span>
     <span class='ocr_line' id='line_1_15' title="bbox 351 2645 1739 2748; baseline 0 -26"><span class='ocrx_word' id='word_1_110' title='bbox 351 2645 431 2722; x_wconf 88' lang='lat' dir='ltr'><strong>tulo</strong></span> <span class='ocrx_word' id='word_1_111' title='bbox 457 2670 595 2748; x_wconf 83' lang='lat' dir='ltr'><strong>congre</strong></span> <span class='ocrx_word' id='word_1_112' title='bbox 623 2659 761 2725; x_wconf 85' lang='lat' dir='ltr'><strong>aterum</strong></span> <span class='ocrx_word' id='word_1_113' title='bbox 784 2672 834 2748; x_wconf 85' lang='lat' dir='ltr'><strong>ac</strong></span> <span class='ocrx_word' id='word_1_114' title='bbox 855 2647 1063 2727; x_wconf 82' lang='lat' dir='ltr'><strong>accedente</strong></span> <span class='ocrx_word' id='word_1_115' title='bbox 1097 2671 1285 2726; x_wconf 88' lang='lat' dir='ltr'><strong>consensu</strong></span> <span class='ocrx_word' id='word_1_116' title='bbox 1319 2669 1504 2748; x_wconf 86' lang='lat' dir='ltr'><strong>expresso</strong></span> <span class='ocrx_word' id='word_1_117' title='bbox 1536 2648 1739 2748; x_wconf 82' lang='lat' dir='ltr'><strong>peniteret</strong></span> 
     </span>
     <span class='ocr_line' id='line_1_16' title="bbox 355 2744 1738 2837; baseline -0.002 -13"><span class='ocrx_word' id='word_1_118' title='bbox 355 2767 537 2837; x_wconf 83' lang='lat' dir='ltr'><strong>assensu,</strong></span> <span class='ocrx_word' id='word_1_119' title='bbox 614 2748 812 2827; x_wconf 88' lang='lat' dir='ltr'><strong>enerabilis</strong></span> <span class='ocrx_word' id='word_1_120' title='bbox 845 2751 917 2824; x_wconf 85' lang='lat' dir='ltr'><strong>viri</strong></span> <span class='ocrx_word' id='word_1_121' title='bbox 962 2750 1095 2826; x_wconf 91' lang='lat' dir='ltr'><strong>domini</strong></span> <span class='ocrx_word' id='word_1_122' title='bbox 1126 2750 1243 2824; x_wconf 86' lang='lat' dir='ltr'><strong>nostri</strong></span> <span class='ocrx_word' id='word_1_123' title='bbox 1291 2744 1438 2822; x_wconf 81' lang='lat' dir='ltr'><strong>Ottoois</strong></span> <span class='ocrx_word' id='word_1_124' title='bbox 1471 2746 1521 2821; x_wconf 88' lang='lat' dir='ltr'><strong>de</strong></span> <span class='ocrx_word' id='word_1_125' title='bbox 1556 2744 1738 2824; x_wconf 83' lang='lat' dir='ltr'><strong>Suuthain</strong></span> 
     </span>
     <span class='ocr_line' id='line_1_17' title="bbox 356 2842 1738 2948; baseline 0 -29"><span class='ocrx_word' id='word_1_126' title='bbox 356 2847 537 2947; x_wconf 77' lang='lat' dir='ltr'>prepositi</span> <span class='ocrx_word' id='word_1_127' title='bbox 562 2848 730 2922; x_wconf 83' lang='lat' dir='ltr'><strong>ecclesie</strong></span> <span class='ocrx_word' id='word_1_128' title='bbox 754 2850 1003 2948; x_wconf 75' lang='lat' dir='ltr'>augustensis.</span> <span class='ocrx_word' id='word_1_129' title='bbox 1019 2850 1080 2924; x_wconf 87' lang='lat' dir='ltr'><strong>cui</strong></span> <span class='ocrx_word' id='word_1_130' title='bbox 1112 2857 1150 2923; x_wconf 91' lang='lat' dir='ltr'><strong>et</strong></span> <span class='ocrx_word' id='word_1_131' title='bbox 1183 2849 1266 2922; x_wconf 88' lang='lat' dir='ltr'><strong>eius</strong></span> <span class='ocrx_word' id='word_1_132' title='bbox 1290 2845 1576 2922; x_wconf 84' lang='lat' dir='ltr'><strong>successoribus</strong></span> <span class='ocrx_word' id='word_1_133' title='bbox 1606 2853 1647 2921; x_wconf 91' lang='lat' dir='ltr'><strong>et</strong></span> <span class='ocrx_word' id='word_1_134' title='bbox 1677 2842 1738 2919; x_wconf 89' lang='lat' dir='ltr'><strong>di·</strong></span> 
     </span>
     <span class='ocr_line' id='line_1_18' title="bbox 355 2942 1738 3049; baseline 0.001 -32"><span class='ocrx_word' id='word_1_135' title='bbox 355 2945 484 3044; x_wconf 79' lang='lat' dir='ltr'><strong>gnitati</strong></span> <span class='ocrx_word' id='word_1_136' title='bbox 498 2947 733 3048; x_wconf 76' lang='lat' dir='ltr'><strong>prepositure</strong></span> <span class='ocrx_word' id='word_1_137' title='bbox 755 2971 806 3024; x_wconf 84' lang='lat' dir='ltr'><strong>ex</strong></span> <span class='ocrx_word' id='word_1_138' title='bbox 817 2948 1063 3049; x_wconf 79' lang='lat' dir='ltr'><strong>intrascrIptis</strong></span> <span class='ocrx_word' id='word_1_139' title='bbox 1078 2946 1210 3047; x_wconf 89' lang='lat' dir='ltr'><strong>procul</strong></span> <span class='ocrx_word' id='word_1_140' title='bbox 1226 2942 1738 3044; x_wconf 82' lang='lat' dir='ltr'><strong>dubiomelioroprouenicnt,</strong></span> 
     </span>
     <span class='ocr_line' id='line_1_19' title="bbox 356 3040 1736 3148; baseline 0 -29"><span class='ocrx_word' id='word_1_141' title='bbox 356 3043 517 3119; x_wconf 82' lang='lat' dir='ltr'><strong>vitantur</strong></span> <span class='ocrx_word' id='word_1_142' title='bbox 544 3047 621 3144; x_wconf 87' lang='lat' dir='ltr'><strong>jam</strong></span> <span class='ocrx_word' id='word_1_143' title='bbox 646 3057 802 3148; x_wconf 78' lang='lat' dir='ltr'><strong>experts</strong></span> <span class='ocrx_word' id='word_1_144' title='bbox 827 3045 994 3148; x_wconf 80' lang='lat' dir='ltr'><strong>periculo</strong></span> <span class='ocrx_word' id='word_1_145' title='bbox 1031 3042 1151 3124; x_wconf 86' lang='lat' dir='ltr'><strong>etde</strong></span> <span class='ocrx_word' id='word_1_146' title='bbox 1185 3056 1311 3122; x_wconf 89' lang='lat' dir='ltr'><strong>cetero</strong></span> <span class='ocrx_word' id='word_1_147' title='bbox 1345 3065 1394 3122; x_wconf 87' lang='lat' dir='ltr'><strong>eo</strong></span> <span class='ocrx_word' id='word_1_148' title='bbox 1419 3043 1578 3126; x_wconf 76' lang='lat' dir='ltr'><strong>sorcius,</strong></span> <span class='ocrx_word' id='word_1_149' title='bbox 1613 3040 1736 3122; x_wconf 86' lang='lat' dir='ltr'><strong>dictus</strong></span> 
     </span>
     <span class='ocr_line' id='line_1_20' title="bbox 274 3139 1767 3246; baseline 0.003 -30"><span class='ocrx_word' id='word_1_150' title='bbox 274 3192 279 3200; x_wconf 80' lang='lat'><em>,</em></span> <span class='ocrx_word' id='word_1_151' title='bbox 355 3139 521 3219; x_wconf 84' lang='lat' dir='ltr'><strong>dominus</strong></span> <span class='ocrx_word' id='word_1_152' title='bbox 553 3157 681 3222; x_wconf 89' lang='lat' dir='ltr'><strong>noster</strong></span> <span class='ocrx_word' id='word_1_153' title='bbox 711 3143 908 3223; x_wconf 87' lang='lat' dir='ltr'><strong>modernus</strong></span> <span class='ocrx_word' id='word_1_154' title='bbox 941 3147 1153 3246; x_wconf 73' lang='lat' dir='ltr'><strong>prepositus</strong></span> <span class='ocrx_word' id='word_1_155' title='bbox 1179 3156 1218 3221; x_wconf 85' lang='lat' dir='ltr'><strong>et</strong></span> <span class='ocrx_word' id='word_1_156' title='bbox 1240 3145 1300 3219; x_wconf 89' lang='lat' dir='ltr'><strong>sui</strong></span> <span class='ocrx_word' id='word_1_157' title='bbox 1326 3163 1573 3220; x_wconf 88' lang='lat' dir='ltr'><strong>successores</strong></span> <span class='ocrx_word' id='word_1_158' title='bbox 1597 3142 1645 3217; x_wconf 86' lang='lat' dir='ltr'><strong>ab</strong></span> <span class='ocrx_word' id='word_1_159' title='bbox 1665 3143 1733 3218; x_wconf 88' lang='lat' dir='ltr'><strong>ob·</strong></span> <span class='ocrx_word' id='word_1_160' title='bbox 1763 3213 1767 3220; x_wconf 85' lang='lat'>.</span> 
     </span>
     <span class='ocr_line' id='line_1_21' title="bbox 287 3238 1735 3346; baseline -0.001 -29"><span class='ocrx_word' id='word_1_161' title='bbox 287 3295 293 3304; x_wconf 82' lang='grc'>-</span> <span class='ocrx_word' id='word_1_162' title='bbox 351 3239 576 3342; x_wconf 88' lang='lat' dir='ltr'><strong>loquentium</strong></span> <span class='ocrx_word' id='word_1_163' title='bbox 600 3249 755 3346; x_wconf 87' lang='lat' dir='ltr'><strong>protecti</strong></span> <span class='ocrx_word' id='word_1_164' title='bbox 780 3247 991 3321; x_wconf 88' lang='lat' dir='ltr'><strong>incursibus</strong></span> <span class='ocrx_word' id='word_1_165' title='bbox 1015 3241 1185 3322; x_wconf 88' lang='lat' dir='ltr'><strong>sedendo</strong></span> <span class='ocrx_word' id='word_1_166' title='bbox 1203 3247 1396 3342; x_wconf 87' lang='lat' dir='ltr'><strong>quiescent</strong></span> <span class='ocrx_word' id='word_1_167' title='bbox 1414 3247 1449 3318; x_wconf 93' lang='lat' dir='ltr'><strong>in</strong></span> <span class='ocrx_word' id='word_1_168' title='bbox 1465 3238 1735 3344; x_wconf 85' lang='lat' dir='ltr'><strong>pulchritudine</strong></span> 
     </span>
     <span class='ocr_line' id='line_1_22' title="bbox 351 3338 1747 3444; baseline 0.001 -28"><span class='ocrx_word' id='word_1_169' title='bbox 351 3343 459 3443; x_wconf 89' lang='lat' dir='ltr'><strong>pacis</strong></span> <span class='ocrx_word' id='word_1_170' title='bbox 483 3345 521 3418; x_wconf 94' lang='lat' dir='ltr'><strong>in</strong></span> <span class='ocrx_word' id='word_1_171' title='bbox 546 3345 793 3423; x_wconf 82' lang='lat' dir='ltr'><strong>tabernaculis</strong></span> <span class='ocrx_word' id='word_1_172' title='bbox 816 3341 951 3420; x_wconf 88' lang='lat' dir='ltr'><strong>fiducie</strong></span> <span class='ocrx_word' id='word_1_173' title='bbox 977 3352 1014 3418; x_wconf 88' lang='lat' dir='ltr'><strong>et</strong></span> <span class='ocrx_word' id='word_1_174' title='bbox 1037 3343 1288 3444; x_wconf 79' lang='lat' dir='ltr'><strong>temporalium</strong></span> <span class='ocrx_word' id='word_1_175' title='bbox 1313 3345 1441 3442; x_wconf 86' lang='lat' dir='ltr'><strong>requie</strong></span> <span class='ocrx_word' id='word_1_176' title='bbox 1466 3341 1638 3442; x_wconf 89' lang='lat' dir='ltr'><strong>opulenta</strong></span> <span class='ocrx_word' id='word_1_177' title='bbox 1662 3338 1747 3418; x_wconf 85' lang='lat' dir='ltr'><strong>nec¹</strong></span> 
     </span>
     <span class='ocr_line' id='line_1_23' title="bbox 351 3436 1734 3521; baseline 0.001 -6"><span class='ocrx_word' id='word_1_178' title='bbox 351 3464 424 3517; x_wconf 95' lang='lat' dir='ltr'><strong>non</strong></span> <span class='ocrx_word' id='word_1_179' title='bbox 450 3436 499 3519; x_wconf 88' lang='lat' dir='ltr'><strong>de</strong></span> <span class='ocrx_word' id='word_1_180' title='bbox 525 3446 741 3521; x_wconf 84' lang='lat' dir='ltr'><strong>auctoritate</strong></span> <span class='ocrx_word' id='word_1_181' title='bbox 767 3453 804 3519; x_wconf 83' lang='lat' dir='ltr'><strong>et</strong></span> <span class='ocrx_word' id='word_1_182' title='bbox 827 3443 1083 3520; x_wconf 80' lang='lat' dir='ltr'><strong>auctorizabili</strong></span> <span class='ocrx_word' id='word_1_183' title='bbox 1106 3466 1291 3520; x_wconf 91' lang='lat' dir='ltr'><strong>consensu</strong></span> <span class='ocrx_word' id='word_1_184' title='bbox 1321 3452 1361 3518; x_wconf 85' lang='lat' dir='ltr'><strong>et</strong></span> <span class='ocrx_word' id='word_1_185' title='bbox 1391 3441 1580 3518; x_wconf 83' lang='lat' dir='ltr'><strong>voluntate</strong></span> <span class='ocrx_word' id='word_1_186' title='bbox 1603 3440 1734 3516; x_wconf 84' lang='lat' dir='ltr'><strong>Reue-</strong></span> 
     </span>
     <span class='ocr_line' id='line_1_24' title="bbox 349 3537 1734 3643; baseline -0.001 -28"><span class='ocrx_word' id='word_1_187' title='bbox 349 3539 457 3616; x_wconf 85' lang='lat' dir='ltr'><strong>reudi</strong></span> <span class='ocrx_word' id='word_1_188' title='bbox 481 3543 519 3616; x_wconf 91' lang='lat' dir='ltr'><strong>in</strong></span> <span class='ocrx_word' id='word_1_189' title='bbox 545 3539 697 3618; x_wconf 82' lang='lat' dir='ltr'><strong>Christo</strong></span> <span class='ocrx_word' id='word_1_190' title='bbox 722 3545 849 3643; x_wconf 80' lang='lat' dir='ltr'><strong>petris,</strong></span> <span class='ocrx_word' id='word_1_191' title='bbox 875 3553 912 3618; x_wconf 87' lang='lat' dir='ltr'><strong>et</strong></span> <span class='ocrx_word' id='word_1_192' title='bbox 938 3537 1073 3616; x_wconf 87' lang='lat' dir='ltr'><strong>domini</strong></span> <span class='ocrx_word' id='word_1_193' title='bbox 1097 3544 1211 3617; x_wconf 82' lang='lat' dir='ltr'><strong>nostri</strong></span> <span class='ocrx_word' id='word_1_194' title='bbox 1237 3541 1369 3616; x_wconf 88' lang='lat' dir='ltr'><strong>domiui</strong></span> <span class='ocrx_word' id='word_1_195' title='bbox 1394 3539 1583 3618; x_wconf 83' lang='lat' dir='ltr'><strong>Burkordi</strong></span> <span class='ocrx_word' id='word_1_196' title='bbox 1607 3537 1670 3615; x_wconf 87' lang='lat' dir='ltr'><strong>dei</strong></span> <span class='ocrx_word' id='word_1_197' title='bbox 1695 3547 1734 3615; x_wconf 85' lang='lat' dir='ltr'><strong>et</strong></span> 
     </span>
     <span class='ocr_line' id='line_1_25' title="bbox 347 3639 1731 3741; baseline -0.002 -26"><span class='ocrx_word' id='word_1_198' title='bbox 347 3639 551 3740; x_wconf 72' lang='lat' dir='ltr'><strong>apostolice</strong></span> <span class='ocrx_word' id='word_1_199' title='bbox 576 3639 682 3717; x_wconf 77' lang='lat' dir='ltr'><strong>sedin</strong></span> <span class='ocrx_word' id='word_1_200' title='bbox 722 3643 849 3740; x_wconf 81' lang='lat' dir='ltr'><strong>gracia</strong></span> <span class='ocrx_word' id='word_1_201' title='bbox 873 3643 1099 3717; x_wconf 82' lang='lat' dir='ltr'><strong>venerabilis</strong></span> <span class='ocrx_word' id='word_1_202' title='bbox 1123 3641 1307 3741; x_wconf 75' lang='lat' dir='ltr'><strong>Episcopi</strong></span> <span class='ocrx_word' id='word_1_203' title='bbox 1331 3639 1500 3717; x_wconf 80' lang='lat' dir='ltr'><strong>ecclesie</strong></span> <span class='ocrx_word' id='word_1_204' title='bbox 1528 3647 1731 3737; x_wconf 84' lang='lat' dir='ltr'><strong>augusten·</strong></span> 
     </span>
     <span class='ocr_line' id='line_1_26' title="bbox 345 3731 1728 3840; baseline -0.004 -26"><span class='ocrx_word' id='word_1_205' title='bbox 345 3737 789 3840; x_wconf 79' lang='lat' dir='ltr'><strong>sisetc.1nfrascripte</strong></span> <span class='ocrx_word' id='word_1_206' title='bbox 821 3743 1118 3836; x_wconf 65' lang='lat' dir='ltr'><strong>constitutiones,</strong></span> <span class='ocrx_word' id='word_1_207' title='bbox 1151 3739 1411 3816; x_wconf 77' lang='lat' dir='ltr'><strong>ordinacioncs</strong></span> <span class='ocrx_word' id='word_1_208' title='bbox 1444 3748 1482 3816; x_wconf 87' lang='lat' dir='ltr'><strong>et</strong></span> <span class='ocrx_word' id='word_1_209' title='bbox 1512 3747 1645 3814; x_wconf 83' lang='lat' dir='ltr'><strong>statuta</strong></span> <span class='ocrx_word' id='word_1_210' title='bbox 1678 3731 1728 3809; x_wconf 85' lang='lat' dir='ltr'><strong>de</strong></span> 
     </span>
     <span class='ocr_line' id='line_1_27' title="bbox 346 3836 1729 3940; baseline 0 -30"><span class='ocrx_word' id='word_1_211' title='bbox 346 3857 445 3912; x_wconf 88' lang='lat' dir='ltr'><strong>nouo</strong></span> <span class='ocrx_word' id='word_1_212' title='bbox 469 3836 637 3931; x_wconf 66' lang='lat' dir='ltr'><strong>fecimus</strong></span> <span class='ocrx_word' id='word_1_213' title='bbox 662 3840 850 3913; x_wconf 83' lang='lat' dir='ltr'><strong>statuimus</strong></span> <span class='ocrx_word' id='word_1_214' title='bbox 876 3841 1063 3916; x_wconf 82' lang='lat' dir='ltr'><strong>ereximus</strong></span> <span class='ocrx_word' id='word_1_215' title='bbox 1097 3863 1145 3917; x_wconf 82' lang='lat' dir='ltr'><strong>ae</strong></span> <span class='ocrx_word' id='word_1_216' title='bbox 1178 3841 1262 3940; x_wconf 87' lang='lat' dir='ltr'><strong>ipsa</strong></span> <span class='ocrx_word' id='word_1_217' title='bbox 1295 3837 1452 3915; x_wconf 77' lang='lat' dir='ltr'><strong>tacimus</strong></span> <span class='ocrx_word' id='word_1_218' title='bbox 1477 3838 1664 3914; x_wconf 78' lang='lat' dir='ltr'><strong>statuimus</strong></span> <span class='ocrx_word' id='word_1_219' title='bbox 1690 3843 1729 3910; x_wconf 84' lang='lat' dir='ltr'><strong>et</strong></span> 
     </span>
     <span class='ocr_line' id='line_1_28' title="bbox 347 3929 1730 4037; baseline -0.004 -26"><span class='ocrx_word' id='word_1_220' title='bbox 347 3935 523 4032; x_wconf 84' lang='lat' dir='ltr'><strong>erigimus</strong></span> <span class='ocrx_word' id='word_1_221' title='bbox 548 3957 618 4035; x_wconf 92' lang='lat' dir='ltr'><strong>per</strong></span> <span class='ocrx_word' id='word_1_222' title='bbox 642 3949 837 4036; x_wconf 86' lang='lat' dir='ltr'><strong>presentes</strong></span> <span class='ocrx_word' id='word_1_223' title='bbox 862 3937 1032 4014; x_wconf 85' lang='lat' dir='ltr'><strong>volentes</strong></span> <span class='ocrx_word' id='word_1_224' title='bbox 1058 3951 1095 4015; x_wconf 93' lang='lat' dir='ltr'><strong>et</strong></span> <span class='ocrx_word' id='word_1_225' title='bbox 1120 3938 1367 4015; x_wconf 88' lang='lat' dir='ltr'><strong>decernentes</strong></span> <span class='ocrx_word' id='word_1_226' title='bbox 1393 3961 1440 4013; x_wconf 83' lang='lat' dir='ltr'><strong>ea</strong></span> <span class='ocrx_word' id='word_1_227' title='bbox 1462 3935 1652 4037; x_wconf 77' lang='lat' dir='ltr'><strong>perpetuIs</strong></span> <span class='ocrx_word' id='word_1_228' title='bbox 1668 3929 1730 4007; x_wconf 81' lang='lat' dir='ltr'><strong>iu·</strong></span> 
     </span>
     <span class='ocr_line' id='line_1_29' title="bbox 344 4034 1727 4136; baseline -0.001 -29"><span class='ocrx_word' id='word_1_229' title='bbox 344 4035 436 4108; x_wconf 85' lang='lat' dir='ltr'><strong>turis</strong></span> <span class='ocrx_word' id='word_1_230' title='bbox 460 4036 684 4125; x_wconf 85' lang='lat' dir='ltr'><strong>temporibus</strong></span> <span class='ocrx_word' id='word_1_231' title='bbox 709 4035 755 4110; x_wconf 82' lang='lat' dir='ltr'><strong>ab</strong></span> <span class='ocrx_word' id='word_1_232' title='bbox 781 4038 946 4112; x_wconf 90' lang='lat' dir='ltr'><strong>omnibus</strong></span> <span class='ocrx_word' id='word_1_233' title='bbox 972 4039 1078 4114; x_wconf 87' lang='lat' dir='ltr'><strong>nobis</strong></span> <span class='ocrx_word' id='word_1_234' title='bbox 1103 4049 1141 4114; x_wconf 88' lang='lat' dir='ltr'><strong>et</strong></span> <span class='ocrx_word' id='word_1_235' title='bbox 1164 4039 1324 4136; x_wconf 82' lang='lat' dir='ltr'><strong>singulis</strong></span> <span class='ocrx_word' id='word_1_236' title='bbox 1348 4034 1638 4113; x_wconf 85' lang='lat' dir='ltr'><strong>successoribus</strong></span> <span class='ocrx_word' id='word_1_237' title='bbox 1658 4053 1727 4108; x_wconf 90' lang='lat' dir='ltr'><strong>uo·</strong></span> 
     </span>
     <span class='ocr_line' id='line_1_30' title="bbox 320 4131 1728 4234; baseline 0.001 -29"><span class='ocrx_word' id='word_1_238' title='bbox 320 4132 434 4206; x_wconf 36' lang='lat' dir='ltr'><strong>nstris</strong></span> <span class='ocrx_word' id='word_1_239' title='bbox 460 4140 498 4206; x_wconf 89' lang='lat' dir='ltr'><strong>et</strong></span> <span class='ocrx_word' id='word_1_240' title='bbox 523 4131 679 4207; x_wconf 82' lang='lat' dir='ltr'><strong>dominIs</strong></span> <span class='ocrx_word' id='word_1_241' title='bbox 703 4137 903 4234; x_wconf 87' lang='lat' dir='ltr'><strong>propositis</strong></span> <span class='ocrx_word' id='word_1_242' title='bbox 927 4139 1186 4215; x_wconf 83' lang='lat' dir='ltr'><strong>inuiolabiliter</strong></span> <span class='ocrx_word' id='word_1_243' title='bbox 1202 4138 1395 4214; x_wconf 82' lang='lat' dir='ltr'><strong>obseruari</strong></span> <span class='ocrx_word' id='word_1_244' title='bbox 1420 4146 1457 4212; x_wconf 88' lang='lat' dir='ltr'><strong>ct</strong></span> <span class='ocrx_word' id='word_1_245' title='bbox 1480 4131 1562 4208; x_wconf 82' lang='lat' dir='ltr'><strong>iore</strong></span> <span class='ocrx_word' id='word_1_246' title='bbox 1586 4133 1625 4206; x_wconf 87' lang='lat' dir='ltr'><strong>in</strong></span> <span class='ocrx_word' id='word_1_247' title='bbox 1639 4155 1728 4234; x_wconf 89' lang='lat' dir='ltr'><strong>per·</strong></span> 
     </span>
    </p>
   </div>
   <div class='ocr_carea' id='block_1_11' title="bbox 189 4229 1855 4356">
    <p class='ocr_par' dir='ltr' id='par_1_11' title="bbox 189 4229 1855 4356">
     <span class='ocr_line' id='line_1_31' title="bbox 189 4229 1855 4356; baseline 0.004 -51"><span class='ocrx_word' id='word_1_248' title='bbox 189 4231 195 4245; x_wconf 84' lang='grc'><strong>“</strong></span> <span class='ocrx_word' id='word_1_249' title='bbox 347 4241 495 4330; x_wconf 88' lang='lat' dir='ltr'><strong>petuum</strong></span> <span class='ocrx_word' id='word_1_250' title='bbox 532 4229 695 4312; x_wconf 78' lang='lat' dir='ltr'><strong>velitum</strong></span> <span class='ocrx_word' id='word_1_251' title='bbox 732 4255 778 4311; x_wconf 90' lang='lat' dir='ltr'><strong>ac</strong></span> <span class='ocrx_word' id='word_1_252' title='bbox 811 4231 941 4315; x_wconf 80' lang='lat' dir='ltr'><strong>eadem</strong></span> <span class='ocrx_word' id='word_1_253' title='bbox 976 4239 1073 4316; x_wconf 93' lang='lat' dir='ltr'><strong>iuter</strong></span> <span class='ocrx_word' id='word_1_254' title='bbox 1110 4247 1239 4316; x_wconf 81' lang='lat' dir='ltr'><strong>cetera</strong></span> <span class='ocrx_word' id='word_1_255' title='bbox 1269 4245 1404 4318; x_wconf 76' lang='lat' dir='ltr'><strong>statuta</strong></span> <span class='ocrx_word' id='word_1_256' title='bbox 1443 4233 1730 4314; x_wconf 78' lang='lat' dir='ltr'><strong>constructores</strong></span> <span class='ocrx_word' id='word_1_257' title='bbox 1850 4348 1855 4356; x_wconf 19' lang='grc' dir='ltr'>ι</span> 
     </span>
    </p>
   </div>
   <div class='ocr_carea' id='block_1_12' title="bbox 0 0 2110 5034">
    <p class='ocr_par' dir='ltr' id='par_1_12' title="bbox 0 0 2110 5034">
     <span class='ocr_line' id='line_1_32' title="bbox 0 0 2110 5034; baseline 0 4"><span class='ocrx_word' id='word_1_258' title='bbox 0 0 2110 5034; x_wconf 95' lang='lat' dir='ltr'><strong> </strong></span> 
     </span>
    </p>
   </div>
  </div>
 </body>
</html>
