4209 5034
943 512 1212 626 Memnonia
1292 520 1368 605 ,’

828 922 1156 1131 ‚m
1352 1019 1407 1027 Η

831 1238 926 1301 sets.
968 1236 1000 1297 ι.
1021 1237 1111 1299 urm
1154 1235 1325 1312 brunger

246 1532 249 1539 .
386 1458 540 1546 Petrus
569 1420 638 1565 ep.
655 1416 970 1543 ¹Monusterium
1007 1453 1234 1541 desolatum
1263 1455 1306 1537 in
1336 1450 1642 1569 Weibenberg
1674 1476 1770 1540 eum

386 1578 578 1713 omnibus
592 1574 821 1701 abluentiis
837 1577 878 1659 et
892 1570 1123 1657 redditibus
1133 1570 1614 1689 hospitaliinlltliingen
1627 1570 1767 1656 donat-

487 1824 625 1901 Petrus
648 1821 722 1899 Dei
756 1831 795 1899 et
818 1820 1041 1922 Apostoliee
1072 1816 1180 1896 sedis
1210 1820 1340 1919 gracia
1363 1819 1577 1925 Episcopus
1601 1823 1772 1923 August-

387 1924 492 2005 ensis
514 1924 714 2000 Vniuersis
741 1930 778 1999 et
801 1920 960 2019 siugulis
985 1920 1217 2021 presencium
1239 1922 1512 2022 inspectoribus
1536 1922 1772 2024 presentibus

387 2038 424 2103 et
437 2023 570 2099 futuris
585 2019 753 2101 Salutem
776 2021 813 2095 in
840 2018 984 2095 domino
1009 2020 1263 2121 sempiternam
1275 2020 1430 2096 lniuncti
1452 2022 1558 2097 nobis
1574 2020 1772 2121 pastoralis

387 2123 504 2201 oflicii
523 2146 614 2201 cura
627 2120 801 2199 sollicitat
814 2130 853 2195 ut
871 2122 972 2197 circa
991 2144 1193 2223 paupemm
1207 2116 1509 2197 christifidelium
1524 2122 1773 2201 necessitates

387 2223 515 2301 intenti
545 2220 739 2299 calamitati
776 2219 921 2297 illorum
953 2221 1117 2321 paternis
1155 2221 1428 2321 compacientes
1469 2220 1679 2298 uisceribus
1716 2224 1773 2295 sic
1855 2274 1865 2283 -

129 2338 134 2355 ’
252 2330 253 2335 ’
387 2314 625 2425 presidemus
650 2332 690 2395 ut
713 2332 804 2395 vera
828 2330 954 2396 nostra
978 2318 1028 2393 sit
1059 2318 1182 2419 gloria
1204 2342 1315 2396 saeuo
1338 2319 1488 2395 iubente
1514 2342 1655 2397 canone
1680 2344 1774 2421 pau·

387 2446 516 2527 perum
539 2421 675 2523 inopiis
700 2418 900 2495 salubriter
923 2416 1123 2520 prouidere
1145 2417 1270 2518 Atque
1295 2416 1498 2497 deformata
1521 2443 1601 2497 cum
1629 2442 1676 2495 eo
1701 2442 1774 2520 quo

388 2524 464 2617 sint
486 2544 561 2597 usu
574 2518 781 2597 'constituta
805 2516 998 2595 reformari
1029 2518 1167 2594 utiliter
1198 2527 1381 2619 nequeant
1412 2520 1450 2593 in
1482 2520 1614 2595 melius
1648 2541 1774 2595 emen-

388 2622 520 2701 demus
528 2616 623 2697 Cum
632 2610 755 2718 itaque
763 2614 1028 2695 Mouusterium
1040 2626 1201 2693 nostrum
1210 2618 1532 2695 sanctimonialium
1541 2618 1644 2695 inw
1644 2616 1775 2695 erben-

389 2722 485 2821 berg
515 2714 657 2796 ordinis
693 2716 813 2797 sancti
843 2716 1045 2816 Augustini
1083 2710 1354 2793 canonicorum
1392 2739 1434 2793 re
1543 2719 1614 2794 ium
1648 2729 1775 2795 nostre

335 2830 342 2841 '
390 2818 561 2898 diocesis
585 2816 696 2936 pleno
712 2812 809 2893 Jure
832 2814 938 2891 nobis
962 2814 1166 2891 subiectum
1187 2813 1233 2893 lu
1250 2812 1444 2934 Spirituali
1470 2841 1516 2893 us
1540 2828 1776 2918 ettempora·

390 2918 490 2999 libus
512 2915 659 2993 malicia
683 2923 881 3015 temporum
896 2926 934 2991 et
946 2914 1113 3015 peccatis
1127 2914 1192 2991 exi
1221 2916 1367 2993 entibus
1381 2914 1480 2993 adeo
1496 2917 1546 2993 sit
1567 2914 1776 2995 destitutum

393 3030 432 3097 ut
445 3019 480 3095 iu
495 3016 579 3119 ipso
593 3013 826 3091 Moaasterio
841 3012 942 3089 aulla
955 3014 1171 3091 seuctimoui
1209 3016 1218 3033 ⁰
1264 3013 1402 3093 femina
1424 3016 1495 3092 sub
1521 3014 1619 3093 dicta
1642 3038 1686 3095 re
1738 3014 1776 3095 1·

392 3112 540 3218 degens
564 3111 662 3192 idem
685 3114 795 3191 tanbs
816 3110 1014 3189 inuolutum
1029 3114 1079 3189 sit
1093 3109 1228 3191 debitis
1244 3112 1343 3215 qnod
1357 3116 1575 3193 monialibus
1588 3117 1625 3191 in
1644 3138 1692 3193 eo
1719 3138 1776 3192 em

227 3251 233 3277 ι
390 3216 623 3297 Moussterio
647 3212 916 3293 remanentibus
947 3214 1068 3315 ipsum
1090 3212 1357 3298 Monasterium
1380 3217 1421 3291 iu
1453 3216 1536 3293 suis
1569 3204 1778 3293 redditibus

390 3316 634 3422 prouentibus
659 3313 818 3391 officinis
842 3322 952 3413 atque
977 3314 1174 3390 structuris
1196 3312 1267 3390 uix
1280 3314 1403 3396 Annis
1428 3316 1662 3415 paucissimis
1685 3312 1778 3393 sub-

391 3420 528 3497 sistere
558 3414 694 3517 poterit
716 3410 964 3491 Attendeutes
996 3411 1156 3513 denique
1190 3411 1289 3515 quod
1320 3414 1495 3515 magistre
1526 3412 1707 3516 quondam
1739 3426 1779 3491 et

392 3512 713 3595 sanctimonialium
736 3510 872 3591 ibidem
897 3512 1141 3589 existenoium
1171 3522 1269 3591 enta
1291 3515 1368 3591 vite
1399 3512 1470 3592 fuit
1501 3513 1714 3592 deformitas
1738 3526 1780 3590 nt

394 3615 528 3695 uadum
551 3612 707 3690 habenis
737 3608 960 3714 impudicitia
991 3612 1127 3689 laxatis
1151 3606 1215 3690 dei
1240 3610 1508 3715 omnipotentis
1539 3614 1671 3693 timore
1692 3623 1779 3716 post

395 3716 518 3816 posito
542 3736 590 3791 ao
612 3716 703 3831 iugo
724 3722 939 3831 statutorum
962 3722 1093 3832 sancte
1115 3712 1390 3833 Regula-beati
1408 3714 1610 3833 dogustini
1635 3735 1708 3815 quo
1731 3734 1779 3789 se

394 3822 631 3991 :iiiiii
646 3812 1047 3991 ”ituttbbbtit
1058 3820 1132 4013 112¹„
1140 3821 1779 3989 ”titirfflriiitrtbr'rt

396 4007 656 4089 miserabiliter
677 4010 913 4089 inuoluemut
936 4008 1009 4089 sed
1032 4021 1070 4087 et
1094 4012 1176 4087 suis
1198 4012 1276 4087 vita
1295 4034 1343 4089 ac
1367 4012 1525 4089 moribus
1549 4013 1694 4090 cunctis
1708 4010 1779 4088 ob-

396 4112 579 4213 pmbrium
603 4110 703 4191 laete
726 4122 812 4191 sunt
837 4132 982 4215 quoque
1003 4108 1115 4189 iocus
1137 4108 1204 4189 ille
1217 4111 1257 4187 in
1277 4113 1545 4215 campestribus
1557 4114 1779 4192 ennsmans
