4209 5034
698 543 977 654 episcopetus.
995 543 1257 662 Angustum.
1581 604 1586 638 ,
1631 547 1693 638 iii

318 777 403 879 quin
425 797 499 854 neo
522 775 607 852 iibri
625 772 789 878 predicti
813 774 862 852 ud
882 769 1088 878 sopiendus
1113 775 1369 874 negligencius
1383 773 1499 856 Obori
1519 780 1705 858 sufficiunt

318 899 440 977 neque
464 875 643 970 sufficere
667 889 842 978 possunt,
867 871 1017 951 Idcirco
1043 873 1251 978 Capitulum
1276 877 1477 976 predictum
1504 881 1552 956 de
1579 901 1704 960 nostro

319 999 503 1056 consensu
528 979 718 1053 voiuntnte
744 991 781 1054 et
816 977 1089 1078 opprobuoione
1114 978 1239 1052 statuit
1271 989 1321 1052 et
1342 978 1577 1080 solempniter
1602 983 1705 1058 ordi·

318 1081 428 1167 nouit,
477 1075 551 1152 und
573 1078 904 1177 quocienscumque
928 1075 971 1150 ln
997 1073 1178 1152 Ecclesia
1195 1076 1426 1174 Augustensi
1445 1079 1548 1156 ‘vltru
1573 1105 1707 1159 nouem

320 1102 512 1280 prebenffle
537 1179 705 1279 apposite
730 1177 865 1254 inerint
889 1198 1037 1278 semper
1062 1202 1135 1252 vus
1152 1175 1347 1351 prebendo
1372 1183 1539 1278 opposita
1590 1204 1631 1257 ro
1656 1205 1705 1259 eo

319 1281 430 1355 Anno
455 1275 652 1378 deputetur
675 1273 740 1352 At
765 1275 924 1353 alicuius
950 1298 1096 1366 monus,
1126 1301 1150 1362 ‚u
1201 1274 1272 1352 boe
1303 1276 1441 1377 ydonei
1468 1294 1505 1354 et
1566 1281 1706 1380 spituio

322 1379 429 1477 greti,
456 1381 516 1476 qni
536 1375 585 1454 de
604 1375 809 1452 buiusmodi
837 1376 1029 1479 prebendo
1049 1377 1164 1452 libros
1180 1379 1295 1475 magis
1311 1382 1549 1455 necessarios
1564 1383 1706 1480 ubsque

320 1489 624 1578 murucompuret
641 1497 688 1553 oc
703 1475 860 1567 ordinet,
886 1487 992 1578 prout
1007 1475 1164 1552 Decuno
1190 1489 1227 1550 et
1256 1472 1428 1578 Capitulo
1454 1479 1570 1552 visum
1596 1481 1708 1556 suerit

321 1578 462 1666 utilius,
487 1577 620 1676 quibus
645 1579 866 1678 comparetis
890 1589 928 1652 et
947 1575 1137 1654 ordinetis·
1155 1598 1302 1676 semper
1334 1573 1381 1651 ud
1414 1576 1560 1653 chorum
1587 1578 1707 1682 depu-

323 1687 447 1752 tentur
468 1699 536 1777 pro
561 1676 785 1776 quottidiuno
810 1701 881 1752 vsu
907 1679 1135 1752 mutuncium
1175 1687 1213 1752 et
1238 1674 1478 1776 psuiiencinm
1510 1681 1640 1780 apcius
1671 1693 1709 1755 et

325 1775 596 1862 ordiouoinsut
618 1775 697 1854 iieti
717 1777 849 1877 possit,
873 1776 1002 1876 ibique
1017 1789 1234 1852 rumuueuut.
1254 1772 1364 1866 Quod
1379 1776 1522 1874 quidem
1538 1791 1709 1854 statutum

323 1873 636 1975 bretrnganituer
660 1875 902 1967 obseruetur,
938 1895 1131 1976 quousque
1162 1891 1231 1952 tum
1253 1876 1300 1950 ln
1323 1877 1577 1976 superioribus
1603 1899 1709 1976 quum

328 1975 573 2052 inferioribus
605 1975 738 2052 scuiiis
770 1974 872 2053 ohnri
903 1976 1073 2054 occissis
1107 1975 1276 2078 predicte
1306 1999 1375 2076 pro
1401 1971 1640 2052 Guntootibus
1673 1987 1711 2056 et
1872 1993 1876 2002 ’

409 2074 571 2153 lentibus
604 2097 651 2152 se
684 2088 835 2152 centurn
868 2089 906 2154 et
938 2073 1105 2175 psallere
1141 2071 1363 2155 debentibus
1396 2079 1508 2179 sopio
1536 2067 1709 2154 libroruin

354 2173 535 2253 uiusutodi
554 2173 740 2252 bubeutnr.
765 2176 808 2250 ln
828 2199 976 2269 quornm
993 2177 1148 2254 nomnium
1175 2187 1212 2252 et
1228 2176 1453 2275 singulorum
1471 2177 1578 2252 tidem
1599 2177 1711 2253 robur

327 2296 366 2354 et
386 2268 627 2353 testimonium
652 2277 913 2375 premissorum
934 2289 1131 2378 presentes
1150 2289 1295 2350 nostrus
1307 2273 1448 2350 litteras
1466 2276 1604 2351 exinde
1629 2276 1710 2352 fiori

327 2377 519 2474 nostrique
543 2372 672 2472 sigilli
694 2376 883 2455 Jussinrus
916 2389 955 2452 et
970 2376 1135 2454 'fecimus
1166 2377 1395 2474 appensione
1427 2377 1636 2450 communiri
1662 2375 1711 2452 Et

327 2499 398 2562 nos
432 2473 634 2552 Heinricus
665 2473 884 2553 Tmohsssz
919 2470 1197 2573 denilbfiugeo·
1222 2475 1456 2575 prepositus,
1488 2473 1712 2550 hennordus

325 2576 455 2674 gesner
480 2575 672 2666 Densum,
692 2575 906 2674 ‘Totumque
930 2571 1142 2675 Cupituium
1162 2575 1324 2648 'maioris
1351 2573 1519 2648 occissis
1543 2575 1712 2669 August·

327 2677 430 2752 eusis
453 2673 616 2751 untefute
642 2675 961 2774 Rocognuseimus
986 2689 1023 2752 et
1048 2685 1259 2752 uttestumnr
1284 2696 1352 2774 per
1391 2675 1588 2773 presentes
1614 2669 1713 2772 quod

328 2774 479 2860 Stutnts
495 2777 692 2874 omnisque
718 2790 756 2852 et
782 2773 932 2874 singnis
953 2787 1230 2876 prememorato
1248 2777 1356 2871 juxte
1380 2779 1567 2874 presentis
1592 2771 1712 2849 littere

328 2887 503 2963 tenorem,
529 2877 665 2950 nostris
691 2873 740 2951 de
767 2873 936 2953 Corsiiio
960 2899 1145 2954 consensu
1170 2885 1206 2951 et
1232 2873 1422 2949 Interesse
1447 2872 1545 2948 fucta
1570 2885 1607 2970 et
1631 2885 1714 2948 sets
1768 2937 1771 2944 .

329 2989 426 3066 suut,
450 2969 598 3050 Idcirco
613 2973 789 3052 antedicti
805 2973 966 3076 Capituli
983 2974 1099 3052 nostri
1116 2973 1286 3070 Sigillum
1302 2976 1537 3073 presentibus
1553 2971 1713 3074 uppeudi

327 3073 486 3154 fecimus
511 3073 643 3150 Dutum
670 3087 708 3152 et
731 3087 851 3155 sctum
875 3076 1073 3174 Auguste,
1100 3075 1202 3151 ,ieris
1228 3089 1354 3173 quartu
1376 3087 1462 3174 post
1487 3075 1712 3150 Dominioom

328 3175 521 3252 inuocauit
545 3175 655 3251 Anno
687 3177 922 3255 unutiuitute
952 3171 1088 3252 domini
1118 3174 1323 3251 itliilesimo
1348 3173 1714 3268 Qnudriugentesimo

162 3375 170 3385 ¹
326 3275 580 3376 sexagesino
602 3277 739 3378 quinto:
