4209 5034
661 543 930 654 episcopatus
957 541 1219 658 augustam.
1285 575 1294 600 ·-
1547 540 1649 634 336

217 915 221 930 ,
271 743 1034 978 contranitentibus
1048 729 1653 976 nacoliensium

271 974 376 1052 ensis
391 971 589 1052 Prouineic
602 973 819 1071 Magantine
843 974 952 1052 nobis
968 995 1087 1074 nuper
1111 974 1275 1050 exbibita
1297 977 1424 1076 petitio
1443 977 1652 1055 continebat
1701 991 1703 998 ’

270 1072 369 1172 qnod
394 1095 476 1150 eum
499 1075 595 1150 alias
620 1074 669 1152 de
694 1075 938 1178 Prepositura
961 1069 1063 1152 dicte
1087 1075 1255 1152 ecclesie
1279 1097 1351 1175 que
1375 1076 1465 1153 inibi
1490 1077 1652 1177 dignitas
1697 1095 1701 1100 ·

267 1173 1129 1373 addititiidittilttt'ttit
1148 1173 1652 1354 &lablelli-lli
1734 1197 1740 1206 ’

269 1365 422 1448 Obristo
455 1373 522 1450 filii
557 1376 674 1452 nostri
708 1372 955 1452 Maximilieni
977 1373 1220 1453 Romanorum
1251 1376 1371 1474 Regis
1403 1375 1650 1452 Illustrissimi

267 1466 507 1551 Secretarins
532 1476 659 1552 existit
681 1476 887 1577 apostolica
910 1474 1045 1550 fnisset
1059 1478 1273 1553 auderitate
1290 1478 1477 1577 prouisum
1490 1479 1649 1576 ipseque

266 1567 445 1648 Mothous
481 1573 584 1650 illius
621 1577 900 1676 possessionem
935 1572 1219 1668 eprehendere
1253 1576 1439 1658 uolmsset
1468 1575 1649 1652 Decanus

268 1691 361 1748 uero
388 1683 425 1747 et
443 1667 651 1775 Capitulum
677 1674 811 1774 prefati
834 1685 964 1775 proten
993 1687 1100 1752 entes
1123 1675 1164 1750 id
1189 1685 1317 1752 cootm
1340 1685 1474 1751 statuta
1498 1685 1537 1752 at
1559 1696 1652 1752 cen-

257 1769 486 1850 ,suetudines
518 1771 617 1850 dicte
654 1774 819 1852 ecclesie
852 1775 1051 1876 privilegia
1085 1794 1231 1876 qnoque
1265 1784 1304 1850 et
1340 1771 1483 1850 indulta
1514 1775 1551 1850 ei
1580 1795 1651 1946 per

266 1867 420 1948 eandem
445 1871 573 1948 sedem
594 1893 778 1950 concessa
799 1871 934 1950 factum
959 1873 1082 1950 fuisse
1106 1887 1145 1949 et
1167 1885 1365 1973 propterea
1381 1871 1520 1950 exinde
1542 1874 1579 1947 in
1606 1894 1650 1950 e-

266 1964 341 2044 bite
365 1991 411 2044 se
435 1973 584 2067 grauari
608 1970 656 2048 ad
682 1971 836 2047 eandem
861 1970 991 2048 sedem
1014 1972 1268 2072 appellassent
1301 1985 1339 2048 et
1369 1994 1486 2049 eausa
1515 1971 1649 2073 appeb

264 2063 412 2144 lationis
426 2067 634 2146 huiusmodi
659 2081 763 2148 certo
788 2094 981 2148 causarum
994 2071 1128 2148 Palatii
1146 2071 1341 2172 apostolici
1351 2071 1528 2149 Auditori
1546 2093 1647 2148 com·

264 2165 377 2243 missa
402 2179 440 2244 et
464 2170 587 2244 citatio
612 2193 694 2248 cnm
716 2167 929 2246 inhibitione
954 2169 1119 2273 desuper
1138 2167 1291 2248 decreta
1315 2173 1551 2248 extissentet
1577 2193 1649 2248 ex·

263 2260 353 2344 inde
376 2289 424 2362 ue
450 2262 534 2344 dum
560 2271 690 2366 grauia
717 2269 973 2345 dissensiones
989 2282 1027 2344 et
1050 2266 1229 2346 scandala
1255 2293 1380 2345 nerum
1397 2273 1505 2346 etiarn
1530 2268 1647 2346 bomi-

262 2387 347 2440 num
373 2362 490 2442 cedes
515 2370 655 2442 exoriri
680 2361 960 2453 formidarentur
985 2364 1131 2444 tandem
1157 2366 1334 2443 Matbeus
1352 2368 1575 2470 Propositus
1600 2391 1647 2445 ac

263 2462 442 2540 Decanus
467 2473 506 2540 el
531 2461 738 2566 Capitulum
763 2463 897 2568 prelati
923 2461 1023 2541 dicto
1049 2467 1222 2565 Rege‘et
1246 2466 1413 2564 pluribus
1436 2467 1523 2541 aliis
1549 2467 1648 2544 Ger-

161 2569 174 2588 ‘
263 2565 381 2638 uranie
399 2565 633 2666 Principibus
656 2565 695 2640 id
710 2565 950 2642 tractantibus
970 2588 1017 2642 ac
1034 2565 1251 2642 Venerabili
1276 2564 1390 2641 fratre
1408 2578 1537 2642 nostro
1550 2567 1646 2642 Ber·

262 2659 390 2740 tboldo
415 2662 714 2766 archiepiscopo
739 2664 956 2764 Maguntino
981 2675 1019 2740 et
1043 2663 1183 2740 dilecto
1201 2664 1283 2743 titio
1307 2662 1438 2742 Nobili
1452 2665 1548 2741 Viro
1566 2663 1647 2743 (te-

195 2823 198 2834 .
263 2763 368 2857 orgio
393 2762 503 2838 Duce
528 2764 693 2840 Banarie.
715 2766 776 2864 qui
801 2765 908 2841 etiam
933 2757 1073 2842 Comes
1092 2763 1280 2840 Palatinus
1304 2762 1424 2840 libeni
1449 2766 1577 2841 existit
1600 2789 1646 2844 ac

215 2940 218 2947 ,
263 2861 447 2938 nonnullis
471 2863 560 2940 aliis
583 2867 737 2940 maxime
763 2865 988 2942 auctoritatis
1014 2875 1052 2940 et
1083 2867 1211 2940 maturi
1247 2864 1393 2940 consilii
1418 2866 1648 2942 virisinter-

264 2963 497 3040 uenientibus
530 2959 579 3038 ad
614 2963 830 3040 obuiandum
862 2963 1060 3063 litigiorum
1093 2963 1317 3041 anfractibus
1350 2959 1649 3044 dissensionibus

265 3069 303 3136 et
327 3057 517 3138 scandalis
542 3062 747 3140 huiusmodi
774 3062 822 3138 ad
854 3063 1109 3165 infrascriptae
1144 3059 1379 3140 concordiam
1401 3076 1438 3139 et
1464 3067 1649 3164 composi-
1752 3064 1755 3076 '

263 3161 395 3238 tionem
421 3165 683 3240 auctoritatae
711 3161 866 3242 ostolica
891 3159 1159 3240 confirmandas
1299 3158 1420 3238 medio
1437 3186 1564 3240 eorum
1588 3167 1648 3239 in-

265 3271 427 3338 ramento
459 3285 530 3338 seu
561 3263 636 3339 fide
668 3188 870 3339 obseruare
902 3265 1145 3364 promiserunt
1169 3186 1383 3378 Μαίης
1408 3261 1647 3346 Venerabilis

262 3357 378 3438 frater
400 3375 528 3438 noster
553 3361 772 3440 lfriderieus
797 3361 1014 3466 Episcopus
1043 3363 1294 3461 augustensis
1320 3360 1420 3436 drcte
1446 3361 1645 3438 Pronineie

261 3483 368 3536 suum
393 3463 550 3559 prestitit
569 3485 766 3538 essenorum
792 3463 948 3540 inuicem
965 3461 1197 3538 demanarunt
1221 3459 1396 3536 uidelicet
1413 3459 1512 3560 quod
1539 3459 1646 3537 dein·

153 3635 156 3642 .
263 3581 356 3659 ceps
380 3563 571 3660 perpetuis
596 3560 729 3640 futuris
761 3563 983 3664 temporibus
1017 3565 1183 3661 quotiens
1216 3559 1348 3635 dictam
1372 3561 1644 3660 Propositumm

108 3649 133 3665 “
261 3679 331 3759 per
355 3657 442 3735 dieti
461 3659 603 3736 Matbel
629 3664 888 3762 promotionem
912 3661 961 3737 ad
985 3659 1143 3761 aliquam
1159 3657 1421 3737 Calbedralem
1446 3661 1644 3737 eeclesiam

261 3767 300 3834 et
324 3761 482 3834 nocueris
509 3763 799 3836 consecrationis
824 3762 1099 3863 susceptionem
1124 3771 1185 3836 aut
1209 3771 1279 3836 tam
1298 3759 1398 3835 illius
1423 3784 1527 3859 quam
1553 3781 1645 3860 puo-

262 3881 485 3957 rnmcnnqua
499 3882 647 3936 anorum
666 3863 927 3938 successorum
955 3860 1086 3937 dictam
1098 3861 1373 3962 Proposituram
1424 3883 1465 3935 ro
1481 3871 1645 3961 tempore

261 3956 494 4034 obtinentium
519 3981 666 4036 cessum
692 3961 754 4037 nel
770 3959 967 4036 decessum
993 3983 1064 4036 seu
1090 3960 1254 4060 quamuis
1272 3958 1379 4034 aliam
1395 3885 1643 4042 dimissionem

260 4057 324 4132 uel
349 4057 443 4134 alias
468 4061 599 4158 quouis
623 4057 732 4136 modo
757 4061 794 4135 in
844 4063 1010 4138 uibusuis
1027 4059 1225 4136 Mensibns
1250 4069 1388 4134 uacme
1414 4061 1645 4158 contingeret

259 4154 439 4238 Benacus
465 4171 502 4236 et
527 4155 735 4260 Capitulum
760 4185 805 4262 pr
845 4163 893 4236 ati
920 4157 968 4238 ad
999 4159 1099 4237 illam
1136 4161 1195 4237 sic
1228 4170 1417 4237 uocantem
1449 4179 1643 4261 personam
1744 4186 1748 4197 ¹

1039 4335 1051 4354 ἱ
