4209 5034
737 531 1004 668 episcopatus
1031 561 1290 676 Augustani.
1597 541 1695 652 ‘851

310 787 484 869 hincinde
518 802 778 892 procuratores
813 793 1017 867 nominihus
1052 809 1176 868 eorum
1211 788 1385 868 hincinde
1421 795 1551 892 quibus
1584 816 1699 896 supra

309 893 576 995 procuratoriis
615 913 659 967 ao
683 891 798 996 primo
824 895 1053 971 terminorum
1079 893 1289 971 huiusmodi
1314 891 1580 970 satisfaciendo
1606 897 1703 974 uitet

312 987 674 1072 contra'aiterutrius
700 988 906 1096 positiones
943 1005 978 1068 ct
1013 993 1189 1069 articulos
1223 994 1397 1094 superius
1423 1005 1461 1066 nt
1485 997 1700 1096 premittitur

308 1095 486 1194 repetitos
513 1091 740 1192 generaliter
764 1091 882 1181 verbo
909 1093 1026 1168 soimn
1053 1105 1089 1168 et
1115 1089 1302 1167 dumtaxat
1326 1095 1477 1196 excepit
1503 1117 1583 1169 cunt
1608 1118 1698 1198 pro·
1734 1097 1740 1106 ’

310 1193 506 1269 testatione
535 1191 581 1265 de
609 1191 969 1296 intiusexcipiendu
1005 1193 1309 1289 contracuntem
1343 1191 1442 1266 iacto
1476 1195 1628 1273 realiter
1664 1208 1701 1270 et

269 1319 278 1326 ·
310 1293 526 1393 inscriptis
551 1295 628 1390 suis
654 1291 737 1367 ioco
764 1299 802 1365 et
827 1299 989 1394 ternpore
1008 1294 1182 1384 congruis
1209 1303 1247 1367 et
1268 1292 1455 1394 oportunis
1481 1292 1544 1367 A'c
1562 1289 1700 1369 deiude

310 1389 433 1465 vitirno
466 1389 674 1464 huiusmodi
706 1391 937 1466 terminorum
972 1389 1194 1466 adueniente
1229 1389 1402 1466 hincinde
1435 1391 1700 1468 satisfaciendo

311 1491 429 1566 oruuia
456 1502 492 1565 ct
516 1491 665 1587 singnis
689 1501 774 1565 acta
799 1492 948 1568 actitata
980 1489 1123 1568 litteras
1158 1492 1362 1591 scripturas
1387 1491 1521 1590 priuiie
1550 1489 1585 1566 ia
1611 1515 1699 1594 pro·
1783 1567 1789 1576 ,

311 1591 446 1666 cessus
472 1587 715 1674 Instrumenta
740 1615 786 1668 ac
813 1591 886 1673 alia
911 1588 1005 1665 Jura
1030 1604 1069 1663 ct
1091 1593 1305 1668 munimenta
1335 1614 1401 1694 pro
1427 1515 1591 1690 pertidus
1617 1594 1698 1668 suis

308 1685 482 1766 hincinde
515 1691 552 1764 in
586 1693 698 1792 priori
734 1687 942 1766 huiusmodi
977 1713 1094 1766 cause
1128 1691 1299 1770 instantia
1332 1689 1701 1792 respectiue'irahita

307 1787 407 1866 iacta
440 1788 601 1866 exhibita
634 1802 671 1865 et
704 1789 884 1890 producta
911 1789 957 1865 'In
995 1801 1163 1896 quantum
1196 1799 1314 1866 tamen
1347 1811 1415 1889 pro
1441 1813 1486 1864 se
1511 1785 1697 1891 dictisque

308 1892 389 1964 suis
414 1890 578 2008 partibus
605 1888 772 1966 iacerent
798 1901 835 1965 et
858 1911 930 1967 uon
956 1887 1050 1964 alias
1076 1889 1302 1990 repetierent
1327 1911 1374 1962 ao
1399 1887 1552 1988 quilibet
1574 1885 1701 1963 eorum

308 1989 527 2090 repercutit
561 1988 817 2070 nichilominus
851 1985 1027 2064 nonnulla
1059 1989 1133 2064 aiia
1156 1989 1249 2064 Jora
1276 1999 1314 2063 et
1337 1990 1555 2064 munimenta
1578 1987 1698 2068 verbo
1740 2018 1750 2092 j
1861 1985 1865 1995 ’

310 2089 429 2166 soiuru
455 2099 492 2164 et
518 2088 702 2170 dumtaxat
736 2087 981 2166 exhibuerunt
1018 2097 1057 2164 et
1089 2082 1274 2163 dederuut
1306 2111 1352 2162 ae
1385 2086 1539 2186 quilibet
1572 2109 1701 2167 eorum

308 2186 475 2264 exhihuit¹
498 2201 607 2290 atque
634 2185 736 2266 dedit
762 2185 856 2265 Ounn
882 2189 1144 2292 protestatione
1179 2186 1228 2263 de
1263 2183 1387 2265 dando
1421 2186 1533 2263 iatius
1568 2181 1701 2264 eadem

306 2286 405 2366 facto
441 2289 592 2366 realiter
625 2301 662 2364 et
693 2291 902 2394 inscriptis
936 2289 1018 2363 suis
1055 2285 1155 2365 loco·
1178 2299 1217 2361 et
1247 2298 1317 2362 tem
1345 2307 1413 2361 ore
1450 2309 1519 2364 con
1568 2288 1626 2363 uis
1663 2295 1702 2360 et

307 2390 500 2490 oportunis
532 2387 617 2464 Nos
649 2399 736 2464 tunc
770 2387 817 2464 ad
851 2383 1023 2464 Jamdicti
1056 2385 1232 2484 Magistri
1265 2313 1446 2461 Joianms
1480 2383 1575 2458 fari
1608 2405 1700 2483 pro-
1776 2381 1780 2395 “

232 2571 237 2584 ,
307 2490 490 2565 curatoris
517 2488 600 2564 siue
626 2483 770 2566 Sindici
797 2486 1010 2564 ulteriorem
1034 2486 1238 2560 instantiam
1274 2482 1455 2586 prelatum
1479 2481 1700 2576 Magistrum

305 2587 463 2665 Paulum
489 2584 608 2666 Celer
633 2609 683 2664 ex
702 2584 873 2663 aduerso
900 2587 1186 2662 Procuratorem
1211 2583 1295 2658 siue
1321 2576 1515 2660 Sindieum
1550 2580 1616 2657 Ad
1640 2577 1701 2654 di-

307 2687 464 2764 eendum
497 2697 534 2763 et
568 2681 823 2790 excipiendum
858 2679 1032 2788 quicquid
1067 2683 1184 2759 verbo
1217 2679 1283 2757 nel
1317 2683 1357 2757 in
1388 2679 1538 2782 scriptis
1572 2687 1700 2762 contra
1769 2731 1773 2740 ·

307 2787 402 2864 Jura
426 2795 463 2864 et
488 2787 703 2864 munimenta
727 2781 1008 2868 huiusmodivt
1038 2782 1228 2888 protertur
1263 2781 1421 2886 repetita
1454 2792 1492 2856 et
1506 2775 1521 2819 ³
1543 2777 1699 2858 rodoeta

223 2923 227 2928 ·
309 2885 438 2964 dicere
465 2889 548 2963 siue
573 2889 752 2988 excipere
778 2885 928 2962 volebat
985 2884 1074 2958 rirno
1103 2891 1140 2958 et
1166 2873 1302 2958 deinde
1344 2879 1410 2960 Ad
1436 2805 1699 2966 deciairaudum

309 2997 346 3063 et
371 2986 553 3066 declarari
576 2983 776 3062 videndum
795 2907 981 3090 quiequid
986 2985 1106 3060 verbo
1122 2981 1186 3058 vei
1200 2983 1238 3056 in
1253 2981 1405 3084 seriptis
1427 2990 1555 3082 partes
1570 2978 1700 3054 huius-

109 3153 110 3156 ,
309 3085 405 3164 modi
431 3109 547 3164 causa
573 3085 769 3164 declarare
792 3085 967 3164 volebant
989 3082 1153 3160 Necnon
1179 3080 1244 3156 Ad
1261 3078 1466 3156 Jorandum
1493 3089 1530 3156 ot
1555 3077 1701 3155 delibe-

109 3255 110 3258 ,
197 3267 202 3273 ,
310 3185 461 3288 randum
485 3185 685 3288 Jurarique
713 3195 755 3261 et
776 3180 975 3262 deliberari
989 3171 1198 3264 'videndun
1229 3179 1278 3255 de
1304 3177 1524 3350 Gaiumpoia
1547 3174 1723 3254 vitanda.

311 3291 349 3362 et
372 3287 529 3362 veritato
556 3283 716 3362 dicenda
740 3308 822 3362 cunr
848 3285 1013 3360 omnibus
1047 3293 1085 3358 et
1118 3277 1277 3381 singulis
1309 3280 1439 3355 clausu
1455 3277 1489 3350 is
1520 3287 1558 3351 et
1578 3270 1701 3374 Capi·

310 3385 398 3462 tuiis
423 3387 461 3459 in
488 3397 524 3459 et
551 3385 621 3462 suh
649 3379 866 3491 Calunnpnia
888 3381 1103 3464 duramento
1137 3379 1319 3457 contentis
1352 3389 1389 3453 et
1422 3369 1702 3481 comprehensis

308 3493 542 3592 peruentum
569 3479 657 3564 dicti
683 3480 819 3564 donnini
845 3486 958 3566 nostri
984 3475 1303 3586 pape'Oursorem
1329 3467 1701 3556 eitarirnundauimus
1754 3568 1760 3576 .
1811 3506 1817 3517 x

314 3585 541 3662 elicuimus
581 3581 646 3664 Ad
683 3596 807 3660 certos
844 3584 1089 3662 successione
1127 3581 1300 3660 terminos
1335 3597 1414 3654 com
1442 3582 1586 3649 etentes
1620 3591 1702 3646 eum

314 3685 593 3784 congruentium
618 3677 759 3759 dierum
785 3681 990 3761 interuallis
1016 3681 1175 3756 ultimum
1200 3699 1293 3754 raro
1318 3599 1549 3753 terminorum
1571 3667 1702 3745 huius-

313 3785 411 3862 modi
435 3787 518 3888 ipso
543 3781 731 3886 Magistro
753 3779 915 3867 Johauni
945 3779 1041 3861 fabri
1072 3777 1304 3882 procuratori
1338 3775 1422 3850 sine
1454 3767 1702 3856 Siudico'iu·
1763 3813 1785 3879 3
1925 3850 1933 3862 ‚

313 3887 423 3965 stand
447 3895 485 3962 et
510 3883 648 3991 petenti
672 3881 944 4058 assiguauimos
976 3891 1064 3970 tuuc
1095 3875 1145 3963 ud
1177 3871 1359 3994 1110an
1392 3870 1523 3979 quibus
1555 3865 1702 3988 quidem

313 3985 479 4068 terminis
510 3981 682 4088 paulatim
716 3981 996 4060 anmieutihus
1034 3990 1071 4056 et
1104 3999 1231 4055 eorum
1266 3971 1427 4074 singulis
1465 3969 1544 4046 Per
1581 3967 1702 4045 drotos

312 4083 522 4186 Magistros
544 4079 752 4160 Johanuem
785 4081 881 4167 labri
897 4077 902 4090 '
917 4091 954 4160 et
979 4079 1134 4157 Paulum
1159 4071 1278 4152 Coier
1303 4067 1499 4153 hinoeinde
1523 4078 1703 4172 procura·

315 4193 417 4261 tores
453 4183 537 4260 siue
566 4179 759 4262 'Sindieos
792 4183 997 4263 nominibus
1036 4201 1163 4256 eorum
1204 4172 1378 4250 hincinde
1417 4171 1552 4273 quihus
1588 4185 1705 4268 supra

1270 4285 1372 4368 32*
