4209 5034
825 546 847 615 ·’
947 565 1217 652 Monumentu
1333 587 1383 641 ’.·

1006 902 1170 998 evin.

981 1145 1072 1205 nmo
1092 1146 1188 1207 rurs.
1351 1122 1353 1129 '

400 1330 667 1419 Documenta
693 1328 803 1413 litem
839 1326 950 1412 inter
984 1331 1214 1440 episcopos
1243 1328 1431 1447 August.
1472 1326 1712 1411 Anselmnm
1743 1330 1787 1411 ct

417 1453 422 1460 ’
790 1443 1052 1530 Fridcrioum
1082 1442 1392 1573 concepncntia.

492 1673 654 1753 Judices
681 1678 784 1753 curie
808 1677 1065 1776 Angustensis
1090 1678 1290 1755 Vniuersis
1317 1691 1353 1755 et
1378 1677 1538 1777 singulis
1560 1682 1790 1775 praesentes

398 1775 527 1852 literas
558 1779 785 1879 inspecturis
816 1779 956 1852 visuris
993 1791 1031 1853 et
1056 1776 1235 1854 audituris
1260 1778 1427 1856 Salutem
1452 1776 1497 1853 ln
1529 1772 1674 1854 dominc
1707 1797 1790 1851 enm

279 1874 291 1883 ’
396 1872 599 1955 indubitata
624 1878 761 1952 noticia
783 1877 1084 1979 subscriptorum,
1110 1874 1305 1955 Noueritis
1331 1876 1428 1978 quod
1446 1873 1509 1953 die
1526 1875 1785 1976 dstepreseni

396 1978 482 2051 tinnr
505 1976 702 2053 nonnutlns
727 1978 855 2053 literas
879 1974 1106 2077 apostolicas
1125 1975 1305 2055 videlicet
1325 1978 1498 2077 rescripti
1521 1998 1594 2055 seu
1619 1975 1789 2050 commis·

366 2087 370 2098 “
399 2077 517 2151 sionis
540 2098 565 2151 a
589 2074 771 2176 qnondam
789 2075 922 2151 ¹felicis
938 2076 1214 2153 recordacionis
1229 2077 1391 2153 Martino
1455 2100 1501 2175 pn
1521 2076 1643 2175 quinto
1662 2082 1792 2151 contra

399 2173 566 2251 fautores
597 2200 669 2251 sen
700 2171 927 2252 adherentes
967 2176 1147 2276 qnondam
1178 2175 1357 2255 trederici
1396 2100 1454 2252 dg
1481 2174 1690 2272 Grnffnegk
1722 2194 1790 2272 pro

397 2273 592 2376 Episcopo
617 2276 853 2374 Augustensi
885 2288 972 2352 tnnc
1004 2298 1049 2351 se
1084 2279 1249 2376 gerenos
1284 2300 1329 2353 ao
1362 2271 1577 2353 detentores
1614 2275 1789 2350 bonorum

398 2370 500 2451 dicte
526 2375 696 2451 ecclesie
720 2386 906 2451 emanatas
930 2398 1075 2451 necnon
1101 2399 1343 2478 processuum
1358 2371 1446 2451 iude
1470 2383 1681 2451 secutorum
1699 2392 1791 2447 rne-

394 2496 481 2551 cum
498 2477 613 2551 certis
628 2476 923 2552 erecncionitns
936 2488 1078 2572 actergo
1089 2472 1289 2553 eorundem
1308 2474 1508 2576 descripn's
1526 2472 1570 2549 ln
1583 2472 1791 2551 membrana

390 2586 437 2651 et
460 2576 673 2675 pirgameno
697 2578 858 2677 scriptas
891 2574 1016 2652 debite
1046 2574 1216 2697 bullatas·
1239 2585 1278 2695 et
1309 2575 1510 2675 sigillatas
1527 2573 1598 2651 snb
1630 2574 1790 2651 insertos

390 2696 512 2849 333
519 2674 867 2891 3333333333
884 2674 1441 2891 detrectent?
1455 2668 1791 2891 3333333333

391 2870 614 2949 ,rendrssrmr
633 2874 677 2947 ln
694 2872 834 2950 chrrsto
885 2884 976 2949 etrus
1001 2886 1039 2949 et
1065 2872 1200 2949 domiui
1225 2874 1357 2952 domini
1372 2874 1528 2957 Henrici
1554 2870 1616 2951 der
1639 2882 1678 2947 et
1701 2892 1793 2970 opo-

398 2968 535 3047 stolice
560 2966 665 3047 sedis
689 2974 817 3071 grecia
878 2973 1024 3072 piscopi
1048 2973 1305 3073 Angusteusis
1329 2986 1562 3075 presentatus
1581 2970 1792 3073 recepimus

398 3068 593 3151 mouimus
625 3071 784 3161 vidimus
818 3085 855 3149 et
890 3071 1088 3172 diligenter
1124 3076 1371 3175 inspeximus,
1419 3096 1569 3174 quarum
1605 3068 1790 3147 literarum

400 3182 845 3292 tenoresusequuotnpoet
859 3184 945 3290 sunt
959 3172 1055 3249 tales
1073 3170 1257 3294 Martinus
1275 3174 1310 3259 Ε
1337 3176 1490 3293 iscnpns
1502 3194 1638 3248 sernns
1656 3190 1792 3246 seruo-

401 3266 1352 3494 333333333333333333333333333
1363 3268 1793 3491 3333333333

401 3468 1025 3687 3333333333333333
1048 3467 1794 3675 33333333333333333333

402 3666 571 3745 ordinem
597 3670 850 3774 complectitur
874 3694 948 3748 non
972 3596 1146 3774 indigne,
1179 3696 1248 3777 per
1271 3694 1395 3773 quem.
1431 3682 1469 3748 et
1493 3672 1613 3777 ipsius
1639 3670 1746 3746 etiam
1769 3690 1795 3743 a

402 3766 550 3843 domino
576 3772 775 3848 ministrato
799 3783 1021 3876 prorogatur
1047 3778 1247 3849 auctoritas
1284 3784 1322 3851 et
1346 3772 1402 3848 illi
1427 3773 1535 3849 etism
1568 3768 1794 3944 respiciente

396 3870 542 3945 nemine
567 3869 793 3949 uniformiter
816 3874 863 3949 ab
889 3874 1055 3951 omnibns
1082 3895 1164 3949 cnm
1188 3872 1323 3950 debitis
1342 3874 1555 3948 reuerentia
1585 3880 1623 3945 et
1665 3888 1793 3955 onore,

400 3968 599 4045 delacione
623 3982 791 4071 patenter
823 3982 994 4055 ostensa,
1030 3974 1212 4075 reprobis,
1245 3974 1363 4048 vetuti
1397 3962 1669 4071 ingratitudinis
1704 3964 1793 4043 labe

132 4085 139 4096 ·
248 4117 252 4125 ,
398 4071 590 4171 respersis
616 4086 700 4147 nota
725 4070 861 4173 dignus
893 4072 1052 4151 accedet
1084 4074 1262 4163 sentens,
1296 4073 1460 4170 acceptis
1485 4066 1656 4169 squidem
1679 4065 1793 4142 Justo

397 4181 633 4271 compensato
665 4171 856 4252 libramine
893 4169 1000 4279 sedis
1042 4174 1162 4274 ipsius
1195 4173 1336 4271 irrigue
1369 4170 1535 4277 ubertate
1573 4168 1709 4265 ingiter
1744 4164 1794 4244 In
