4209 5034
386 568 489 665 coc
733 498 752 628 '.
883 503 1213 661 ‘summme
1271 557 1284 676 J
1419 522 1423 525 ’

386 822 487 887 tuum
510 804 713 907 colligendi
737 764 944 912 recipiendi
969 814 1007 883 et
1031 806 1069 881 in
1086 830 1178 885 suos
1201 828 1295 883 rsus
1319 804 1471 909 prosus
1494 802 1768 883 sustentacione
1792 791 1796 799 ’

353 929 556 1011 ἣυιιιιςιιιιι
580 922 618 985 et
642 906 718 983 alia
741 928 856 1009 opera
878 905 1027 1009 pietatis
1050 918 1159 1008 prout
1181 928 1252 1005 per
1274 908 1393 1011 ipsum
1418 905 1597 982 demeum
1617 902 1767 980 ordina·
1891 964 1894 969 .

385 1014 461 1087 tum
497 1020 557 1086 cst
589 1009 751 1107 legitime
785 1005 1026 1083 conuerteudi
1066 1018 1105 1082 nt
1140 1004 1281 1085 vldcbit
1313 1030 1360 1083 er
1381 1004 1496 1084 *edire
1531 1006 1616 1082 Hoc
1640 1016 1768 1081 tamen

385 1128 535 1210 semper
565 1106 672 1183 saluo
712 1105 923 1208 quodcum
958 1108 1137 1207 quociens
1176 1122 1213 1186 et
1238 1106 1381 1211 quaudo
1409 1104 1506 1185 dicta
1529 1104 1698 1183 ecclesia
1728 1104 1768 1179 in

353 1227 355 1235 ’
385 1206 647 1307 Serenningen
668 1209 859 1283 vacauerit
882 1218 1020 1285 extunc
1055 1218 1092 1283 et
1122 1208 1268 1286 inantea
1305 1208 1412 1287 nobis
1446 1208 1496 1283 et'
1516 1206 1652 1282 nostris
1670 1224 1769 1285 snc-

387 1303 605 1385 cessoribus
636 1305 879 1409 cappellanus
920 1307 1020 1384 dicte
1059 1306 1171 1386 misse
1202 1320 1382 1413 perpetue
1422 1304 1608 1409 Csppellc
1647 1300 1768 1382 sancti

89 1479 96 1500 ,
207 1440 217 1516 1
353 1417 362 1470 ἵ
386 1405 546 1483 odalrici
576 1403 747 1512 predicte
779 1403 1013 1484 sacerdotem
1050 1402 1237 1511 ydoneum
1270 1420 1426 1487 attamen
1459 1407 1681 1523 secularem⁸
1698 1423 1769 1523 pru
1840 1481 1843 1490 ,
1892 1428 1897 1439 ·

386 1519 567 1626 perpetuo
590 1510 733 1584 vicario
759 1531 829 1611 per
863 1530 932 1587 nos
957 1504 1006 1583 ad
1029 1506 1184 1585 eandem
1214 1506 1409 1586 ecclesiam
1434 1508 1504 1583 rite
1538 1518 1576 1599 et
1606 1504 1769 1603 legrtrmc

283 1699 286 1709 Ι
385 1606 644 1684 instituendum
670 1610 845 1684 canonice
868 1617 1059 1711 presentet
1096 1621 1134 1685 et
1166 1609 1272 1685 nobis
1297 1606 1506 1709 nostrisque
1531 1602 1769 1683 successori-

389 1708 460 1784 bus
496 1708 577 1781 iura
612 1718 739 1783 nostra
775 1706 961 1783 ordinaria
1025 1708 1263 1808 rimariosque
1302 1708 1446 1785 fructu·
1486 1706 1630 1783 nomine
1669 1700 1769 1781 dicte
1894 1744 1908 1761 ·

388 1804 557 1883 ecclesie
582 1818 622 1881 nt
646 1804 696 1882 de
710 1809 791 1883 iure
816 1818 963 1883 tenetur
987 1729 1100 1883 donet
1124 1819 1161 1884 ct
1180 1808 1406 1908 assignatae
1423 1805 1472 1882 de
1488 1805 1629 1883 eisdem
1655 1806 1770 1881 satis*

385 1904 501 1983 faciat
526 1928 606 1980 curn
631 1907 767 1982 effectu
790 1901 950 1983 Cuisic
972 1909 1115 1983 vicario
1141 1904 1190 1983 de
1215 1908 1384 1987 eiusdem
1403 1904 1570 1984 ecclesie
1589 1904 1768 1981 fructibus

413 2028 455 2082 ro
481 2026 551 2082 sua
575 2004 851 2081 sustentacione
877 2029 1043 2105 congrua
1068 2018 1105 2083 et
1129 2010 1347 2085 necessaria
1367 2004 1563 2107 deputetur
1578 2000 1770 2109 prebenda

385 2027 437 2183 dc
462 2128 535 2205 qua
557 2102 840 2207 hospitalitatem
863 2119 993 2183 tenere
1020 2109 1102 2181 iura
1128 2106 1359 2209 episcopalia
1382 2120 1420 2183 et
1443 2102 1770 2208 archidyaconalia
1798 2156 1800 2159 -

385 2204 608 2309 persoluere
633 2228 679 2281 ac
703 2205 777 2280 alia
802 2207 1040 2305 emergencia
1064 2216 1102 2283 et
1119 2208 1370 2285 incumbencia
1391 2228 1505 2283 onera
1521 2205 1619 2282 dicte
1640 2202 1769 2281 eccle-

386 2304 445 2384 sie
478 2305 599 2405 possit
631 2316 668 2382 et
700 2302 826 2382 valeat
858 2301 1047 2383 commode
1079 2320 1297 2409 supportare
1328 2306 1511 2385 Volumus
1543 2308 1698 2407 insuper
1730 2312 1770 2379 et

387 2398 595 2480 ordinamus
621 2401 719 2504 quod
744 2403 842 2480 idem
866 2405 1049 2482 sacerdos
1074 2408 1131 2481 sic
1159 2431 1229 2509 per
1259 2432 1329 2484 nos
1353 2418 1416 2483 aut
1432 2415 1584 2483 nostros
1609 2424 1769 2482 sncces-

384 2527 495 2582 sorcs
519 2504 704 2581 institutus
736 2503 785 2580 ad
810 2503 1022 2582 Ecclesiam
1053 2507 1091 2579 in
1118 2504 1377 2607 Swenningen
1408 2504 1632 2609 predictam,
1669 2505 1768 2581 resi·

387 2602 557 2683 demetam
579 2606 617 2679 in
643 2602 773 2681 cadem
805 2603 920 2684 faciat
949 2604 1186 2706 personalem
1217 2620 1263 2685 ut.
1279 2618 1425 2683 tenetur
1459 2602 1570 2699 Quod
1602 2607 1637 2681 si
1669 2602 1769 2681 idem

386 2702 569 2781 sacerdos
593 2702 779 2779 institutus
803 2726 849 2779 se
875 2728 898 2779 a
926 2702 1024 2781 dicta
1057 2728 1127 2780 sua
1152 2704 1389 2788 ecclesiaad
1414 2728 1487 2781 sex
1519 2728 1668 2782 meuses
1705 2700 1769 2781 uel

383 2803 482 2878 vltra
508 2812 634 2877 contra
658 2825 879 2879 consensum
905 2814 943 2878 et
965 2806 1188 2881 voluntatem
1214 2818 1371 2882 nostram
1387 2814 1448 2881 aut
1465 2804 1655 2883 collatoris
1679 2825 1770 2905 pre-

382 2898 449 2975 fati
474 2902 734 2977 contumaciter
757 2903 1008 2980 absentauorit
1041 2906 1124 2979 sine
1160 2926 1275 2980 cansa
1298 2904 1461 3006 legitima
1486 2916 1623 2983 extunc
1647 2904 1767 2981 statim

383 3001 398 3074 i
423 3024 469 3077 so
493 2998 594 3075 factu
619 3002 720 3076 nulla
743 3002 948 3080 mooicione
973 3026 1042 3079 neu
1069 3002 1288 3103 cognicione
1319 3006 1501 3105 premissa
1532 3006 1615 3106 ipso
1650 3002 1769 3093 bene·

411 3099 472 3178 cio
495 3122 567 3177 sen
591 3098 758 3177 ecclesia
782 3102 832 3177 sit
856 3104 1020 3203 priuatus
1053 3116 1091 3179 ct
1116 3102 1275 3182 totaliter
1299 3105 1515 3199 destitutus,
1545 3102 1767 3207 prefatoque

385 3199 553 3277 collatori
576 3199 769 3277 licenciam
796 3199 924 3277 damus
944 3202 1053 3277 alium
1069 3204 1326 3307 presbyterum
1346 3205 1532 3309 ydoneum
1550 3200 1600 3279 ad
1614 3202 1768 3281 eandem

385 3299 585 3378 ecclesiam
609 3300 850 3402 presentandi
873 3301 993 3376 modis
1019 3314 1056 3379 ct
1080 3302 1208 3381 fonnis
1238 3304 1498 3411 preconceptis
1530 3300 1685 3380 Nostris
1708 3314 1767 3379 ta-

383 3417 467 3477 men
491 3400 635 3477 iuribus
668 3400 864 3475 ordinariis
895 3402 934 3474 in
968 3404 1132 3481 omnibus
1166 3416 1205 3483 nt
1239 3406 1427 3507 prefertur
1463 3424 1613 3505 semper
1648 3402 1767 3479 saluis

383 3498 430 3575 ln
456 3520 607 3617 quonum
625 3502 777 3575 omnium
798 3498 1028 3578 cuidenciam
1050 3516 1088 3579 et
1105 3506 1345 3583 testimonium
1363 3516 1562 3609 presentes
1584 3502 1768 3581 conscribi

383 3600 560 3675 iussimus
586 3608 624 3675 et
648 3602 764 3674 nostri
788 3624 835 3675 ac
859 3602 1010 3705 capituli
1035 3605 1154 3679 nostri
1186 3604 1362 3682 antedicti
1398 3600 1613 3703 Sigillorum
1649 3602 1768 3679 muni-

383 3698 480 3774 mine
505 3698 684 3774 roborari.
710 3701 844 3777 Actum
869 3715 907 3777 ct
936 3700 1057 3778 datum
1093 3726 1186 3779 anno
1219 3704 1352 3785 domiui
1376 3704 1579 3783 illillcsimo
1605 3698 1767 3802 Quadri·

383 3798 588 3900 genteslmo
613 3794 757 3878 docimo
781 3799 918 3880 Nonas
943 3801 1163 3881 deccmbris.
1586 3824 1588 3833 ’
1734 3804 1757 3856 ’-

969 4090 1182 4115 m
