4209 5034
258 481 267 492 ‘
358 523 459 620 bib?
708 646 753 654 ..
935 526 1214 628 Monumenta·

357 768 580 870 presbytero
595 765 850 864 Angustensis
872 762 1036 840 diocesis
1059 755 1109 836 ad
1132 784 1206 838 vos
1230 759 1466 839 decreuimus
1491 757 1746 838 decernimus-

359 891 430 970 qne
456 892 526 969 per
551 877 747 968 presentes
773 888 843 941 vos
867 862 1107 966 adhortantes
1128 872 1200 968 tum
1226 874 1264 940 et
1286 886 1354 964 pro
1380 861 1746 938 conseruationeJu·
1847 933 1851 940 .

355 970 447 1044 rium
473 977 511 1042 et
548 963 852 1042 consuetudinum
885 963 1012 1040 arcius
1032 962 1269 1061 requirentes
1295 975 1335 1040 ut
1370 960 1585 1039 beneficium
1618 960 1748 1038 ecclc-

354 1068 554 1158 stastiourn,
581 1089 661 1144 cum
678 1059 780 1140 Cura
805 1063 867 1140 nel
885 1066 968 1142 siue
994 1085 1084 1139 cura
1098 1057 1198 1160 quod
1221 1060 1269 1138 ad
1288 1084 1448 1163 presens
1472 1062 1557 1137 sine
1577 1062 1749 1162 proxime

355 1166 683 1268 quomodocunque
708 1162 758 1239 ad
789 1176 950 1242 rostram
969 1161 1206 1239 collationem
1240 1163 1517 1240 nominationem
1550 1171 1749 1263 presenta-

353 1269 487 1344 tionem
512 1268 597 1342 siue
623 1262 913 1382 qualemcunque
936 1262 1044 1340 aliam
1070 1255 1381 1363 dispensationem
1418 1262 1608 1362 pertinens
1634 1283 1748 1338 raca·

354 1368 453 1444 uerit
477 1363 577 1467 qnod
601 1361 993 1464 prefatus'Georgius¹
1006 1359 1161 1462 Struma
1194 1367 1264 1463 per
1293 1367 1344 1438 a'e
1374 1367 1450 1441 aut?
1471 1368 1749 1460 prooaiatorem

356 1490 462 1543 suum
488 1465 637 1542 duxerit
661 1463 924 1565 acceptandum
949 1457 1083 1538 Eiidem
1110 1460 1277 1563 Georgio
1311 1461 1513 1539 conferatis
1537 1455 1588 1535 ad
1612 1460 1652 1536 id
1676 1482 1749 1537 uo-

354 1567 499 1647 minetis
521 1576 559 1648 ct
582 1567 618 1640 ei
644 1561 694 1642 dc
712 1585 759 1640 eo
782 1561 1012 1665 procidentis
1027 1557 1200 1663 ponendo
1221 1584 1304 1640 sunt
1328 1563 1365 1638 iu
1380 1560 1538 1664 pacifico
1562 1561 1750 1661 etquieta

449 1667 601 1746 essiorm
614 1683 708 1744 'cum
733 1657 1094 1765 plenitudinoturta
1123 1672 1164 1737 et
1184 1661 1366 1744 fructuum
1388 1682 1504 1763 perce
1531 1660 1630 1736 tinus
1655 1684 1750 1760 qna-

369 1769 377 1786 ’
404 1775 643 1846 eteessante
668 1763 953 1842 contradictione
980 1757 1095 1840 Circa
1119 1762 1301 1860 preubsa
1325 1762 1458 1846 oniam
1556 1760 1627 1838 ‘un
1651 1761 1749 1842 obes

354 1863 502 1944 denua
518 1865 807 1961 reuerentieque
821 1863 980 1946 debitttm
1004 1860 1137 1943 tantun
1151 1860 1233 1953 Quo
1258 1873 1377 1943 autem
1393 1857 1750 1961 uagislrecuoabm

196 2023 200 2028 -
317 1997 320 2004 ·
353 1966 550 2046 aonunatto
575 1964 665 2043 siue·
684 1983 821 2063 preces
846 1960 1060 2063 expeditum
1078 1973 1365 2061 ‚consequantur
1397 1958 1750 2054 effectum-Vener-

245 2109 260 2116 -·
352 2065 442 2144 abili
456 2064 647 2166 Episcopo
663 2062 900 2161 Augusteusi
922 2061 1080 2163 prinotpt
1103 2071 1229 2138 nostro
1248 2060 1386 2138 denoto
1411 2057 1549 2138 dilecto
1574 2060 1751 2143 aut-eins

258 2251 262 2258 ,
353 2165 398 2241 In
424 2163 674 2266 spiritualibus
699 2162 841 2244 vtoarto
865 2161 1030 2259 generali
1049 2158 1213 2243 officiali
1236 2166 1307 2238 se'u
1331 2161 1589 2240 locumtenenti
1614 2170 1750 2241 tenore

353 2265 588 2367 presencium
613 2261 862 2342 committimus
887 2269 925 2340 ot
948 2259 1158 2339 mandamns
1184 2263 1281 2338 visi
1309 2260 1414 2338 iortc
1438 2283 1509 2340 ros
1540 2254 1752 2360 supradicti

353 2375 616 2466 procuratores
630 2362 673 2440 Iu
694 2361 939 2464 protectorum
956 2372 995 2438 et
1018 2370 1260 2462 contemptum
1273 2357 1382 2450 quts
1404 2372 1444 2445 et
1465 2357 1749 2439 consuetudinis

353 2465 460 2562 regni
476 2464 593 2548 nostri
605 2461 655 2542 ad
663 2460 873 2638 parendum
895 2459 1102 2540 huiusmodi
1116 2462 1343 2547 nominationi
1365 2460 1593 2564 etpreeibus
1606 2460 1751 2538 nostris

352 2575 662 2646 comunimus
705 2563 868 2644 rebelles
892 2561 1048 2640 suarius·
1065 2570 1106 2638 vt
1128 2562 1355 2657 anctoritate·
1368 2587 1440 2641 sua
1463 2555 1651 2638 ordinaria
1672 2559 1749 2641 sub

352 2687 451 2766 pena
471 2667 601 2839 &runis
626 2661 901 2762 indignationis
919 2675 1046 2744 nostre
1072 2685 1141 2738 vos
1174 2662 1325 2738 realiter
1350 2675 1388 2740 et
1420 2684 1502 2738 cum
1536 2659 1673 2738 effectu
1695 2653 1750 2736 ad

351 2779 470 2867 paren
499 2789 558 2843 nm
571 2784 642 2866 per
658 2785 838 2842 cerrsuras
855 2760 1137 2844 ecclesiasticas
1148 2759 1312 2838 Justicia
1329 2761 1512 2838 mediante
1537 2757 1750 2862 compellat,
1770 2770 1775 2780 ’

352 2865 573 2968 ,contumatia
594 2871 715 2938 antem
741 2874 868 2941 vestra
884 2863 964 2938 'aut
988 2872 1197 2960 contemptu
1228 2859 1327 2961 quod
1365 2863 1473 2938 absit
1486 2883 1557 2962 per
1580 2879 1748 2939 mensem

325 2995 328 3007 ·
354 2965 559 3042 continuum
583 2984 608 3037 a
632 2959 695 3038 die
721 2961 970 3060 requisitionis
996 2959 1256 3036 numerandum
1279 2956 1436 3038 dumute
1462 2973 1601 3040 extunc
1626 2959 1749 3036 omui-

355 3063 427 3141 bns
451 3073 489 3138 et
520 3059 683 3160 singulis
715 3060 918 3159 priuilegiis
950 3059 1082 3157 gratiis
1114 3059 1344 3138 libertatibus
1377 3073 1415 3137 et
1439 3055 1696 3138 donationibus
1722 3078 1750 3133 a

355 3159 693 3265 predecessoribus
725 3160 863 3235 uostris
893 3158 1134 3236 conaturam
1169 3158 1458 3260 Imperatoribus
1494 3171 1558 3236 aut
1590 3155 1749 3257 regibus

356 3261 553 3340 concessis
579 3271 617 3336 ot
643 3259 850 3362 perceptis,
884 3258 1064 3336 noueritis
1088 3281 1160 3336 ros
1183 3279 1230 3336 eo
1250 3261 1339 3362 ipso
1362 3263 1529 3361 priuatos
1555 3269 1593 3334 et
1617 3269 1750 3335 nostra

356 3363 509 3440 tuitione
533 3369 667 3436 exutos
685 3357 767 3450 Quo
788 3369 825 3436 et
850 3381 943 3456 quas
960 3371 1100 3436 extunc
1122 3370 1251 3436 tenore
1266 3360 1500 3461 presencium
1526 3379 1747 3434 reuocantes

354 3483 546 3544 cassamus
571 3467 609 3536 el
630 3457 818 3534 irritamus
843 3481 988 3557 vosque
1012 3459 1109 3534 tales
1123 3471 1371 3544 contumaces
1407 3473 1444 3536 et
1471 3465 1745 3558 contemptores

354 3583 379 3635 a
402 3558 592 3639 beneficiis
624 3557 821 3634 maiestatis
840 3570 981 3635 ,trostre
1018 3553 1220 3637 reddimus.
1237 3557 1382 3638 alienos
1406 3559 1541 3636 ilatum
1564 3555 1610 3634 lu
1644 3553 1746 3634 cteta

352 3667 481 3734 nostra
497 3653 658 3733 Ciuitate
680 3656 914 3754 Angusteusi
937 3657 1013 3735 Die
1039 3651 1313 3758 quartadecima
1336 3655 1604 3749 mensurarit,
1629 3653 1743 3734 Auno

353 3755 488 3852 domim·
512 3753 1313 3868 Mittasinoqnndrtngamsstnanonagcstao
1337 3757 1506 3838 secundo
1526 3757 1743 3856 magnom-

352 3865 557 3932 nostrerum
582 3851 737 3932 Romam
763 3853 930 3960 Septimo
955 3855 1150 3959 ilungarie
1174 3878 1269 3934 reto
1292 3857 1462 3938 secundo
1486 3859 1605 3936 mnia
