4209 5034
677 500 947 627 episcop-tus
970 502 1228 618 Aususunt
1579 511 1676 601 usu

280 735 452 815 lisinrmi
473 730 634 837 predicti
658 760 704 813 su
731 746 854 813 erstes
879 738 1062 815 existeret
1087 749 1126 816 ct
1147 742 1294 819 viseret
1313 753 1399 821 tnnc
1420 768 1488 849 pro
1510 756 1674 851 tempore

278 841 362 915 rite
384 837 504 936 ipsius
528 831 661 913 domini
715 836 822 913 ecum
847 832 1028 915 deberent
1051 849 1090 916 et
1121 836 1259 918 debent
1282 841 1427 921 fructus
1453 845 1672 925 decimnrum

277 945 525 1039 pretsctsrnn
558 934 675 1014 diuidi
709 940 806 1013 inter
830 932 1046 1023 (lenonicos
1071 934 1308 1041 Gepitulcres
1344 946 1512 1022 ecclesie
1538 957 1671 1023 nostre

277 1036 453 1141 predicte
479 1038 516 1113 iu
540 1041 662 1115 ss'cris
686 1038 897 1115 existentes
921 1035 994 1115 lroc
1026 1054 1190 1143 excepto
1219 1041 1316 1143 qued
1367 1056 1498 1122 nntnnr
1522 1050 1675 1125 canonia

277 1161 410 1216 corum
442 1134 702 1215 secerdotibus
742 1158 874 1215 uocem
912 1139 1062 1241 cspituli
1096 1162 1168 1217 non
1202 1068 1420 1221 habentibus
1458 1156 1496 1221 et
1530 1145 1674 1223 duobus

277 1240 411 1315 lenitis
434 1238 614 1313 cucumim
640 1238 689 1315 de
714 1236 895 1339 predictis
919 1237 1101 1317 fructibus
1127 1240 1267 1319 cedere
1287 1242 1423 1321 debent
1444 1256 1523 1321 tres
1544 1246 1675 1322 doreni

279 1344 457 1415 rineuses
482 1346 521 1413 et
544 1334 629 1415 Sex
655 1340 770 1416 sociis
794 1338 998 1417 lectoribus
1031 1362 1157 1417 eorum
1192 1341 1267 1418 duo
1298 1342 1429 1420 doreni
1463 1346 1579 1421 eciem
1604 1345 1675 1420 lti-

279 1460 426 1515 nenses
449 1434 523 1513 boo
546 1450 665 1517 temen
690 1462 759 1542 pro
786 1450 865 1520 rsts
898 1441 933 1513 si
958 1436 1161 1538 grandines
1186 1442 1250 1519 vel
1275 1441 1348 1519 alin
1379 1445 1547 1545 pericula
1573 1440 1673 1544 qnod

278 1540 381 1617 absit
407 1540 600 1614 euenirent
624 1552 663 1617 et
685 1540 771 1617 tatis
797 1538 1005 1615 distributio
1026 1564 1095 1642 pro
1121 1554 1190 1619 tem
1218 1564 1284 1618 ore
1306 1544 1383 1619 vite
1403 1543 1536 1621 deceni
1559 1546 1675 1620 uestri

281 1639 442 1759 producti
466 1637 549 1713 lieri
575 1634 687 1717 debet
711 1638 872 1739 singulis
889 1641 996 1715 cunis
1018 1642 1055 1713 in
1074 1636 1136 1719 dic
1203 1643 1313 1719 etclis
1332 1640 1472 1721 Christi
1495 1638 1544 1721 de
1564 1652 1674 1720 nocte

280 1740 465 1841 inprimis
488 1742 663 1840 vesperis
688 1750 727 1815 et
745 1738 794 1815 de
810 1761 914 1815 mune
933 1742 970 1815 in
987 1741 1134 1842 publica
1151 1744 1262 1818 misse
1313 1744 1521 1821 recentibus
1540 1754 1676 1821 tantun

305 1852 365 1917 ost
392 1850 543 1915 mortem
566 1864 658 1915 vero
683 1840 803 1957 ipsius
838 1836 970 1915 deceni
1003 1842 1121 1915 uestri
1153 1867 1266 1945 supm
1294 1844 1355 1919 icti
1388 1842 1518 1919 endem
1552 1842 1678 1919 distri·

306 1944 391 2019 rcic
428 1939 494 2015 liet
526 1942 643 2016 eciem
675 1938 836 2039 singulis
872 1941 980 2014 cunis
1012 1942 1050 2013 in
1083 1940 1354 2019 Anninersnrie
1388 1966 1457 2019 suo
1491 1954 1597 2045 prout
1639 1946 1676 2018 in

281 2041 375 2117 libro
403 2040 630 2137 oblngiornm
656 2037 808 2139 capituli
832 2040 949 2115 nostri
973 2036 1134 2140 predicti
1159 2040 1299 2119 clarius
1325 2045 1541 2119 continetur.
1591 2040 1675 2133 Qus

285 2153 434 2243 propter
452 2136 582 2230 „Nobis
606 2138 788 2215 humiliter
811 2136 1034 2240 supplicsnit
1060 2153 1100 2215 ut
1124 2144 1306 2243 premisse
1334 2144 1417 2218 eius
1443 2136 1673 2218 ordinacioui

288 2253 322 2315 et
354 2237 582 2316 decimarum
622 2238 879 2315 distribncioni
919 2250 958 2313 ut
995 2238 1181 2339 prefertur
1220 2244 1411 2345 perpetuis
1449 2242 1674 2341 temporibus

289 2342 453 2417 edituris
484 2340 698 2417 nncmruste
730 2350 857 2414 nostre
889 2334 1074 2416 ordinaris
1107 2345 1343 2443 appropriare
1386 2352 1424 2417 et
1460 2340 1674 2417 confirmare

295 2438 520 2540 digssremur
549 2437 734 2517 humiliter
773 2450 811 2515 et
846 2436 984 2515 deuote
1019 2436 1106 2513 Nos
1140 2462 1232 2515 vere
1274 2436 1507 2516 intendentes
1543 2439 1677 2515 dscsni

299 2543 399 2616 nemri
420 2538 558 2643 prefati
584 2534 828 2619 dsuoeionem
860 2560 906 2613 nc
938 2538 1069 2615 iustum
1104 2540 1199 2641 pium
1234 2548 1272 2615 et
1298 2537 1456 2615 debitum
1482 2560 1527 2614 sc
1553 2540 1678 2614 rucio·
1798 2536 1802 2543 ”

300 2642 437 2716 usitidem
470 2640 682 2743 petitionem
717 2640 833 2715 eciam
869 2640 954 2737 quin
985 2638 1093 2714 nobis
1134 2651 1172 2715 et
1205 2637 1373 2715 ecclesie
1407 2649 1534 2714 nostre
1567 2638 1678 2715 mulin
1809 2676 1817 2689 ·

292 2743 438 2833 grstnitn
471 2742 637 2816 seruicin
668 2736 895 2833 impendebat
930 2748 967 2813 et
1000 2738 1038 2813 iu
1098 2748 1258 2815 osterum
1297 2734 1503 2841 inpendere
1542 2738 1677 2839 poterit

286 2838 481 2943 Nobisqne
505 2852 542 2916 et
567 2838 736 2917 ecclesie
762 2848 889 2914 nostre
915 2848 954 2912 nt
977 2860 1045 2939 pre
1074 2850 1148 2915 rete
1179 2862 1249 2939 per
1285 2860 1366 2915 enm
1392 2834 1558 2915 ordiuntn
1583 2862 1674 2915 ceu·

285 2942 506 3017 timeremus
535 2938 639 3017 dedit
663 2936 845 3015 decentes
868 2934 1030 3015 florenos
1055 2942 1256 3039 ungaricos
1286 2950 1323 3015 et
1357 2936 1581 3015 Bobemicos
1606 2955 1674 3013 no·

284 3041 416 3143 bisque
440 3040 609 3144 plenarie
635 3038 818 3116 setislecit
843 3044 880 3113 et
905 3060 974 3113 nos
1000 3040 1106 3139 ipsos
1131 3038 1295 3117 florenos
1319 3041 1356 3115 in
1381 3062 1487 3115 usum
1514 3050 1676 3121 nostrum

281 3158 315 3219 et
340 3139 515 3227 ecclesie
538 3152 665 3217 nostre
691 3140 936 3216 conuertimns
962 3140 1227 3215 necessarium.
1280 3137 1433 3215 Idcirco
1466 3138 1574 3213 vobis
1608 3132 1679 3213 do-

278 3249 376 3320 mino
404 3237 546 3317 decano
571 3242 710 3341 totique
735 3236 909 3359 Capitulo
934 3252 1062 3314 nostre
1089 3238 1261 3316 ecclesie
1294 3238 1549 3337 Augustensis
1578 3258 1678 3311 more

275 3348 322 3444 pii
347 3344 470 3445 putris
495 3341 674 3443 specialis
700 3362 829 3440 gruere
854 3336 1028 3413 iudicium
1062 3340 1225 3441 impertiri
1263 3351 1300 3415 et
1336 3340 1373 3413 in
1405 3334 1477 3412 biis
1512 3358 1583 3435 que
1616 3358 1678 3411 rs-

276 3448 391 3519 cione
416 3454 564 3517 utuntur
586 3442 741 3517 vberius
767 3438 1004 3541 complacere
1034 3436 1207 3514 volentes
1239 3460 1379 3515 omnem
1404 3431 1679 3512 ordinacionem

275 3545 414 3621 factam
440 3554 479 3619 ut
496 3540 747 3641 'prescribitur
772 3562 839 3641 pro
865 3538 971 3615 nobis
997 3548 1034 3613 et
1059 3538 1348 3615 successoribus
1379 3536 1516 3612 uostris
1541 3556 1678 3637 eppro·

275 3646 410 3721 bemus
435 3641 673 3719 Ratidcnmns
698 3638 829 3715 lictum
855 3648 893 3714 et
916 3648 1056 3737 grutem
1083 3636 1258 3715 hebemus
1292 3660 1337 3713 ac
1376 3636 1591 3713 auctoritate
1617 3658 1680 3711 or-

276 3744 425 3822 dinaris
463 3740 714 3819 confirmemus
755 3738 992 3843 presentibus
1032 3740 1070 3812 in
1111 3736 1183 3813 biis
1223 3738 1374 3841 scriptis
1406 3734 1679 3813 Renuntiemus

147 3886 152 3899 ·
276 3844 541 3920 nichilominus
567 3866 638 3941 pun
664 3838 714 3913 ud
738 3840 923 3942 premissa
946 3860 1017 3959 pro
1040 3837 1148 3914 nobis
1168 3848 1212 3913 et
1236 3836 1525 3927 successoribus
1543 3836 1681 3911 nostris

276 3946 471 4021 uniuersis
497 3942 711 4017 accionibus
738 3952 776 4015 et
800 3939 1096 4039 exceperonibus
1123 3934 1201 4013 doli
1226 3938 1310 4015 moli
1337 3938 1374 4012 iu
1399 3936 1534 4014 iscium
1553 3938 1682 4035 ingre-

269 4045 444 4123 titndinis
469 4040 651 4118 beneficio
676 4040 925 4116 restituciouis
947 4038 986 4113 iu
1011 4042 1192 4137 integrum
1217 4042 1385 4139 omnique
1411 4038 1503 4113 iuris
1524 4036 1664 4112 auxilie

276 4147 346 4221 vel
381 4142 607 4221 defensione
638 4140 730 4215 iuris
762 4138 931 4216 cunonici
970 4138 1035 4214 rel
1069 4140 1194 4216 ciuilis
1234 4136 1578 4215 consuetudinibus
1616 4132 1684 4209 vel
1718 4186 1724 4198 .
