4209 5034
369 473 545 630 Μ’
732 491 735 506 ’
940 523 1341 658 blnnumenta„,.·
1474 553 1488 564 ’

312 809 315 818 1
365 763 444 834 vite
470 769 538 832 tarn
564 759 686 835 acrius
713 781 816 857 quam
842 758 1122 860 contemplatine
1144 756 1346 833 exerciciis
1362 775 1499 828 vacare
1522 765 1558 828 et
1581 747 1757 827 insudare
1872 761 1877 768 '

367 861 611 958 nequiueruut
644 881 694 932 ex
729 881 749 932 s
777 858 884 935 eciali
912 858 1016 934 sedis
1040 857 1245 958 apostolice
1278 853 1409 928 tenore
1443 865 1479 928 et
1512 852 1758 952 permissione

308 1043 315 1058 ἱ
366 959 435 1034 tuit
460 957 600 1034 eisdem
629 883 820 1034 sororibus
847 957 1022 1032 indultum
1055 967 1095 1032 ut
1126 950 1247 1031 locunt
1276 954 1432 1053 aliquem
1458 953 1494 1025 in
1521 964 1646 1059 nostra
1672 949 1758 1024 dio-

368 1060 450 1134 cesi
482 1056 531 1130 ad
567 1057 773 1156 regularem
808 1059 1088 1136 obseruancinrn
1120 1069 1239 1155 aptum
1263 1065 1309 1128 et
1340 1052 1524 1156 ydoneum
1561 1047 1756 1126 dummodo

369 1153 418 1232 de
444 1155 632 1232 voluntate
665 1167 791 1231 nostra
826 1153 1049 1260 procederet
1085 1157 1223 1251 eligere
1257 1166 1409 1255 possent
1440 1164 1550 1252 atque
1587 1151 1758 1226 vaierent

370 1270 478 1358 prout
502 1254 573 1330 bec
606 1257 642 1330 in
675 1256 791 1333 literis
826 1257 1042 1358 apostolicis
1079 1256 1243 1358 desuper
1277 1251 1459 1329 consectis
1491 1251 1638 1352 plenius
1671 1272 1757 1327 cer·

368 1353 466 1431 uitur
502 1357 678 1430 contineri
713 1355 873 1458 Fertque
910 1357 1016 1432 nobis
1050 1379 1119 1458 per
1164 1347 1584 1433 easdem'Katberinam
1622 1361 1658 1426 et
1692 1371 1757 1423 so-

372 1476 478 1530 rores
506 1455 747 1556 supplicatum
775 1457 922 1548 obnixe,
950 1469 1128 1555 qnatenus
1152 1457 1247 1555 ipsis
1273 1451 1322 1528 de
1335 1449 1542 1526 huiusmodi
1568 1451 1653 1526 loco
1670 1459 1757 1551 apto
1813 1463 1822 1474 ’

371 1555 559 1631 commodo
585 1567 623 1630 et
647 1556 796 1656 ydonee
822 1553 1021 1656 prouidere
1048 1556 1285 1650 dignaremur.
1326 1550 1532 1656 Noslvero
1557 1575 1606 1626 ex
1627 1551 1759 1624 intimis

368 1657 573 1730 memoratis
599 1653 808 1731 Karberine
835 1669 872 1732 et
897 1655 1088 1732 sororibus
1107 1656 1370 1754 agratulautes‚
1398 1654 1590 1752 cupientes
1606 1649 1783 1734 easdem,

369 1755 406 1827 io
423 1777 492 1828 suo
514 1751 678 1828 laudibili
697 1757 887 1854 proposito
907 1757 1103 1830 sinceriter
1125 1753 1327 1829 contenere
1348 1749 1614 1828 Monasterinm
1637 1751 1759 1825 sancti

372 1853 449 1926 Viti
475 1853 511 1926 in
537 1852 617 1928 We
646 1853 786 1948 enburg
810 1851 952 1928 ordinis
978 1857 1097 1930 sancti
1113 1849 1309 1929 Benedicti
1335 1851 1503 1952 predicte
1529 1862 1655 1926 nostre
1677 1849 1758 1924 din-

372 1953 475 2026 cesis
509 1974 577 2052 pro
617 1877 700 2026 lurco
733 1966 817 2070 apto
851 1963 890 2028 et
920 1953 1070 2055 ydoneo
1101 1977 1180 2028 cum
1214 1952 1380 2030 omnibus
1414 1965 1452 2026 et
1485 1949 1643 2050 siugulis
1675 1950 1760 2024 suis

373 2048 529 2126 Juribns
554 2053 802 2152 pertinenciis,
821 2053 1137 2153 possessionibus,
1187 2054 1325 2144 osenia,
1349 2052 1466 2150 agris,
1490 2053 1617 2152 pratis,
1644 2049 1760 2125 curiis

302 2233 310 2244 .
373 2147 521 2239 officiis,
543 2153 729 2248 grangiis,
755 2153 881 2246 siluis,
908 2153 1090 2255 piscariis,
1118 2177 1139 2227 o
1182 2156 1293 2245 cinis,
1325 2175 1496 2252 aquarum
1523 2149 1760 2241 decursibus,

371 2271 418 2324 ac
444 2250 728 2350 quibuscumque
755 2252 861 2326 bonis
895 2253 942 2327 ad
977 2255 1096 2353 ipsum
1121 2251 1387 2328 Monasterium
1411 2250 1662 2351 spectantibus
1687 2271 1760 2325 seu

371 2349 637 2448 pertinentibus
665 2349 807 2450 prefate
833 2351 1042 2428 Katherine
1077 2365 1115 2428 et
1147 2354 1339 2429 sororibus
1374 2351 1517 2427 eisdem
1542 2345 1759 2452 deputamus

372 2459 409 2522 et
440 2450 672 2548 assignamus
706 2451 875 2527 volentes
911 2450 1009 2552 quod
1043 2447 1092 2528 de
1127 2467 1255 2529 cetero
1289 2454 1328 2526 in
1361 2449 1491 2528 eodem
1525 2448 1760 2525 lllonasterio

371 2546 623 2648 Weyenberg
657 2551 840 2649 regularis
874 2552 1117 2630 obseruanoia
1152 2555 1255 2628 iuxta
1290 2551 1377 2627 dicti
1419 2550 1557 2627 ordinis
1589 2547 1760 2625 Instituta

370 2647 587 2724 iocouunise
613 2649 833 2726 obseruetur
857 2652 1050 2752 ipsamque
1075 2651 1318 2728 Karberinam
1349 2646 1451 2728 dicto
1473 2651 1693 2726 monasmio
1719 2649 1760 2724 in
1895 2691 1901 2698 ·

373 2745 454 2822 We
482 2747 598 2822 euber
648 2766 694 2822 ac
719 2751 911 2825 sororibus
945 2750 1109 2826 eiusdem
1143 2754 1180 2825 in
1217 2752 1428 2853 priorissam
1461 2749 1686 2853 prefecimus
1719 2756 1777 2824 et‘

287 2872 292 2883 ⁵
374 2867 440 2944 pre
468 2847 582 2920 cimus
647 2849 682 2920 ei
709 2849 851 2924 nomine
883 2851 919 2924 in
958 2847 1029 2923 biis
1056 2855 1200 2951 seriptis
1226 2853 1360 2926 lirmaru
1384 2849 1565 2928 babentes
1588 2847 1759 2927 fiduciam

373 2939 470 3060 quod
495 2947 692 3020 normstiec
725 2947 950 3024 sinceritatis
984 2945 1182 3054 disciplina
1238 2973 1319 3026 uam
1352 2949 1512 3052 pretate·
1533 2971 1687 3026 sorores
1720 2950 1759 3022 in

371 3054 529 3143 puritate
553 3041 692 3120 ordinis
719 3047 837 3122 eterni
871 3043 1074 3126 conditoris
1107 2977 1350 3144 proutlencta
1383 3062 1507 3127 tenent
1540 3059 1579 3130 et
1612 3048 1758 3124 domino
1831 3071 1836 3082 ·

373 3141 527 3242 auspice
560 3143 758 3237 tenebunt,
794 3148 885 3247 ipsis
918 3151 1144 3250 propositum
1175 3153 1321 3228 virtutis
1360 3165 1497 3250 augeat
1526 3162 1564 3226 et
1602 3149 1759 3228 aliorum

372 3239 532 3319 deuocio
557 3243 719 3343 ipsorum
745 3261 970 3345 prouocatur
996 3249 1200 3351 exemplis,
1233 3262 1272 3326 ut
1296 3273 1365 3352 per
1390 3250 1569 3328 celestem
1592 3251 1759 3326 semitam

369 3337 616 3450 mandatorum
644 3343 691 3418 ad
744 3349 933 3424 remissum
967 3349 1044 3423 rite
1079 3349 1242 3426 brauium
1273 3375 1346 3428 non
1377 3353 1544 3450 segniter
1577 3349 1650 3426 sed
1672 3351 1758 3447 agi·

371 3447 490 3558 tenter
514 3439 689 3518 festinent
740 3467 811 3544 psa
835 3469 987 3548 namque
1014 3447 1222 3527 Katlrerina
1246 3462 1286 3527 ut
1310 3453 1391 3528 eius
1415 3471 1509 3549 erga
1534 3447 1669 3526 dictum
1693 3471 1758 3522 or·

369 3537 491 3614 dinem
519 3554 556 3615 et
581 3545 836 3620 nronasteriunr
868 3543 1085 3625 denocionis
1118 3551 1277 3627 affectum
1309 3563 1347 3627 et
1379 3550 1535 3626 effectus
1567 3551 1603 3624 in
1636 3548 1758 3626 lunera

365 3631 547 3756 prodiret,
574 3635 792 3760 donauitac
817 3629 997 3749 perpetue
1023 3647 1238 3731 donacionis
1269 3647 1374 3727 titulo
1399 3648 1497 3727 dicto
1523 3647 1757 3726 Monasterin

368 3760 406 3810 ru
444 3735 694 3848 Weyeuberg
727 3747 1018 3824 rrrenocabilitcr
1053 3745 1157 3826 dedit
1189 3760 1298 3852 atque
1330 3753 1368 3826 io
1400 3751 1516 3828 certis
1548 3745 1758 3828 redditibus

367 3836 546 3952 censibus
572 3851 609 3916 et
634 3841 924 3924 obneuciouibns
951 3852 1176 3970 comparauit
1201 3863 1241 3926 et
1261 3851 1463 3927 numerauit
1477 3849 1643 3927 valorem
1662 3874 1758 3927 sex·

369 3947 595 4053 ingeniorum
622 3939 860 4039 florenorum,
897 3941 947 4024 de
979 3951 1111 4049 quibus
1144 3949 1194 4026 ad
1218 3949 1364 4051 plenum
1398 3973 1467 4053 per
1497 3952 1758 4052 incrementum

366 4033 551 4134 publicum
580 4037 818 4121 donacionem
842 4045 1051 4124 huiusmodi
1074 4051 1114 4125 in
1135 4073 1182 4126 se
1202 4052 1395 4129 continens
1411 4074 1537 4128 sumus
1553 4050 1759 4143 certificati,

220 4217 224 4224 ¹
362 4153 419 4208 ex
446 4157 517 4234 quo
535 4139 793 4221 uertentium
817 4149 1060 4248 presumimus
1086 4160 1125 4226 et
1147 4173 1342 4254 speramus
1366 4152 1620 4228 monamriuur
1635 4151 1758 4254 ipsun
