4209 5034
684 496 690 506 ἱ
797 555 1070 662 episcopatos
1098 553 1356 670 Augustani.
1393 668 1402 690 x
1663 553 1788 678 biii

385 813 458 888 qna
476 787 592 867 emisti
609 785 778 864 Dominio
795 760 1191 888 predictaperaenor'it
1208 785 1401 885 dictasque
1426 787 1613 880 ecclesias
1637 787 1791 884 aquq1

382 885 434 966 ed
457 899 550 965 tuem
577 899 614 961 ct
640 910 707 988 pro
733 899 897 987 tempore
923 890 1121 964 exitentis
1134 887 1318 988 Episcopi
1343 888 1596 986 Augustensis
1619 889 1791 979 liberam·

382 989 613 1067 collatiouem
639 988 828 1089 pertinere
854 999 891 1064 et
917 1010 964 1064 ne
990 998 1028 1064 tu
1055 990 1180 1088 tuique
1205 1011 1454 1075 successores
1479 988 1662 1088 Episcopi
1688 990 1791 1080 Aussf

378 1101 584 1188 gustenses
611 1090 765 1262 iflidpffl
791 1100 953 1188 tempore
972 1099 1088 1164 erunt
1117 1091 1439 1188 esacqui'sitioue
1463 1088 1710 1180 Dominiornrn
1737 1100 1775 1179 et

380 1192 475 1266 iaris
500 1187 677 1271 conferor
705 1214 718 1262 ι
745 1189 863 1264 dictas
890 1188 1079 1264 ecclesias
1103 1191 1185 1264 sitis
1213 1187 1412 1264 deterioris
1428 1188 1647 1278 conditionis
1670 1213 1776 1286 quan

385 1283 551 1366 Comites
571 1287 789 1366 uenditorcs
812 1288 945 1387 prefati
970 1291 1030 1387 qui
1057 1287 1106 1364 ad
1131 1288 1317 1367 ecclesias
1341 1288 1529 1387 predictas
1555 1304 1774 1387 quocunque

382 1399 547 1490 tempore
573 1399 753 1466 uacautcs
770 1412 950 1489 personas
973 1387 1146 1486 ydoneus
1168 1399 1385 1489 presentare
1402 1399 1567 1489 poteraut
1588 1411 1655 1488 pro
1672 1394 1777 1490 parte
1894 1408 1899 1430 ·

383 1499 448 1568 tua
470 1487 672 1566 nobisfuit
697 1487 879 1564 bnnriiiter
904 1490 1148 1588 supplicatum
1175 1499 1213 1566 ut
1244 1489 1309 1564 tibi
1335 1497 1373 1566 et
1396 1514 1465 1589 pro
1500 1500 1663 1589 ternpore
1689 1491 1775 1564 eni-

385 1590 497 1665 stenti
521 1587 710 1690 Episcopo
737 1590 970 1688 >tagastensi
997 1587 1097 1687 qnod
1123 1590 1309 1682 ecclesias
1342 1585 1532 1689 predictas
1559 1592 1667 1680 etiarn
1693 1588 1777 1663 dnm

384 1697 421 1763 et
447 1690 617 1787 quotiens
643 1689 727 1764 ilias
752 1711 889 1766 uacare
924 1689 1118 1786 contigerit
1151 1691 1388 1791 imposterum
1420 1685 1713 1788 quandocunque
1739 1689 1777 1761 in

383 1786 584 1864 Mensibns
610 1791 826 1892 apostolicis
853 1792 1068 1888 nuncupatis
1093 1790 1130 1861 iu
1164 1790 1332 1890 partibus
1366 1787 1444 1863 iliis
1478 1788 1652 1864 conferre
1689 1813 1780 1890 pos·

387 1889 486 1981 sitis,
508 1885 645 1987 ilioque
671 1891 741 1964 sub
767 1890 908 1988 graciis
935 1899 970 1962 et
996 1886 1132 1962 litteris
1156 1889 1373 1989 apostolicis
1398 1890 1468 1965 sub
1496 1891 1627 1988 quibus
1653 1911 1779 1988 qnam-
1853 1893 1856 1900 '

388 1985 452 2062 din
477 1999 581 2062 eraut
607 1987 655 2063 de
682 1991 762 2063 iure
786 1988 999 2090 patronatus
1025 1987 1198 2064 dictorum
1224 1983 1404 2064 Comitum
1433 2013 1505 2063 non
1530 1987 1774 2064 includeban-

383 2097 442 2162 tur
474 2097 510 2162 et
530 2085 693 2187 ‘quarum
727 2099 900 2189 pretextu
926 2087 1009 2162 tnnc
1034 2086 1222 2189 acceptari
1247 2110 1320 2164 non
1355 2091 1529 2189 poterant
1548 2093 1584 2164 in
1613 2089 1772 2164 futurum

388 2188 494 2262 etiam
521 2187 731 2288 parimodo
758 2212 828 2276 non
855 2187 1210 2292 comprehendantur
1235 2198 1273 2266 et
1297 2191 1486 2290 acceptari
1518 2214 1590 2265 non
1627 2192 1775 2292 possint

386 2289 656 2386 sortianturqne
682 2289 848 2364 ecclesie
874 2291 957 2388 ipse
983 2297 1143 2364 naturam
1171 2311 1275 2389 quarn
1300 2291 1545 2366 sortiebantur
1569 2307 1653 2366 anate
1671 2318 1772 2392 emp-

271 2397 276 2408 '
384 2387 518 2462 tionenr
534 2383 737 2486 predictam
763 2389 904 2486 quoad
929 2387 1204 2464 excludendum
1229 2383 1498 2489 prosequentes
1524 2394 1672 2508 gracias
1688 2391 1773 2468 Ex-

388 2488 595 2586 pectatiuas
630 2497 668 2562 ct
698 2485 791 2562 alias
824 2509 1061 2660 quascunque
1086 2485 1350 2581 ffispositiones
1383 2491 1420 2566 in
1453 2492 1617 2566 omnibus
1644 2503 1681 2566 et
1706 2515 1774 2591 per

391 2588 510 2682 omnia
523 2587 679 2685 perinde
706 2590 810 2662 acsi
837 2587 972 2663 adbuo'

389 2697 601 2788 patronatus
638 2685 759 2762 forent
792 2685 1004 2763 concedere
1035 2687 1205 2788 aliasque
1227 2713 1347 2789 super
1380 2688 1454 2764 biis
1486 2700 1666 2792 oportune
1691 2713 1780 2791 pro·

391 2785 525 2861 uidere
564 2785 611 2861 de
647 2788 871 2883 benignitate
905 2787 1112 2889 apostolica
1146 2785 1405 2887 dignaremur·
1448 2789 1534 2866 Nos
1570 2792 1685 2888 igitur
1745 2790 1781 2864 ni

390 2909 585 2988 personam
611 2897 706 2962 tuarn
722 2889 795 2962 tuis
822 2889 1060 2987 exigentibus
1086 2891 1222 2964 meritis
1238 2891 1417 2989 precipua
1442 2889 1626 2988 ddigimns
1646 2891 1682 2964 in
1710 2815 1742 2962 d
1760 2933 1780 2948 -
1812 2914 1815 2919 ·

392 2988 486 3062 mino
511 2988 660 3062 caritate
686 2984 895 3063 huiusmodi
921 2987 1250 3087 supplicationibus
1274 2991 1434 3067 inclinati
1457 2992 1522 3067 tibi
1539 3003 1576 3066 et
1601 3012 1668 3092 pro
1686 2998 1779 3065 teru-

257 3136 258 3142 1
390 3109 483 3186 pore
522 3088 697 3164 existenti
731 3087 920 3190 Episcopo
957 3091 1192 3187 Augustensi
1226 3087 1325 3190 quod
1363 3091 1552 3180 ecclesias
1588 3091 1780 3192 predictas

394 3189 500 3261 etiam
527 3185 610 3262 dnm
637 3199 674 3262 et
700 3193 868 3288 quotiens
892 3187 978 3264 ilias
998 3211 1133 3264 uacare
1154 3192 1599 3292 contigeritirnposternm
1609 3189 1780 3288 qnando·
1838 3253 1855 3258 -

336 3301 342 3310 '
394 3307 539 3384 cunque
565 3288 601 3360 in
628 3286 738 3362 dictis
756 3287 954 3364 Mensibos
979 3288 1195 3389 apostolicis
1220 3297 1438 3390 nuncupatis
1463 3289 1637 3364 conferre
1663 3290 1781 3367 iibere

395 3397 432 3460 et
462 3386 566 3462 licite
600 3388 759 3463 ualentis
793 3389 933 3488 illeque
966 3389 1035 3464 sub
1069 3389 1200 3488 gratiis
1235 3401 1271 3464 et
1303 3390 1435 3465 litteris
1460 3388 1677 3490 apostolicis
1709 3389 1779 3463 sub

323 3521 332 3526 ·
395 3486 526 3584 quibus
552 3486 721 3584 quamdin
748 3501 851 3564 erant
876 3485 925 3574 de
950 3489 1030 3563 iure
1063 3500 1275 3589 patronatus
1301 3488 1478 3563 dictorum
1504 3485 1683 3563 Comitum
1708 3511 1782 3561 nou

392 3581 675 3662 includebantur
708 3599 745 3663 ct
783 3613 930 3687 quarum
963 3595 1136 3688 pretextu
1168 3597 1255 3664 tnnc
1287 3590 1472 3688 acceptari
1507 3611 1578 3662 non
1612 3595 1781 3685 poterant

393 3685 616 3760 infuturum
640 3688 745 3762 etianr
771 3691 851 3778 pari
877 3687 985 3764 modo
1019 3711 1091 3763 non
1124 3687 1478 3786 comprehendantur
1516 3698 1554 3762 et
1593 3689 1780 3786 acceptari

391 3807 467 3860 uon
492 3788 637 3884 possint
660 3790 930 3888 sortianturqne
956 3784 1308 3889 ecolesiepredicte
1331 3797 1492 3862 naturam
1515 3809 1622 3888 quarn
1648 3785 1784 3861 sortie-⁴

393 3883 523 3960 bantur
535 3897 621 3961 ante
637 3891 850 3986 emptionem
866 3884 1069 3989 predictam
1085 3885 1206 3986 quoad
1222 3887 1496 3965 excindendam
1510 3897 1782 3988 prosequentes

391 3987 539 4078 gracias
553 3985 821 4086 Expectatiuas
843 4003 880 4064 et
895 3987 987 4062 abias
1007 4011 1246 4162 quascunque
1264 3989 1527 4088 dispositiones
1552 3990 1589 4062 in
1608 3989 1781 4062 ‘omnibus

383 4093 432 4158 et
457 4107 526 4186 per
551 4088 671 4160 eminio
695 4087 849 4190 perinde
884 4111 930 4164 ac
955 4089 989 4162 si
1025 4087 1148 4164 adbuc
1200 4112 1222 4164 e
1253 4093 1412 4190 ipsorum
1439 4083 1625 4174 Cornutum¹
1650 4084 1781 4160 uendi-
1806 4175 1810 4183 ,

392 4192 508 4260 toturn
541 4187 835 4287 iurepntronatus
876 4188 999 4264 forent
1039 4189 1246 4290 apostolica
1286 4191 1504 4266 auctoritate
1544 4184 1780 4262 concedimus

1011 2611 1033 2662 e
1060 2589 1221 2688 ipsornrn
1237 2583 1416 2664 Comitum
1442 2586 1672 2665 uenditarum
1695 2593 1777 2664 inre
1891 2595 1898 2652 '.
1925 2679 1931 2688 ¹
