4209 5034
662 494 930 611 episcopatus
956 427 1236 609 Augustani}
1550 495 1652 586 389
1686 568 1691 576 .
1834 499 1846 517 '

375 725 464 800 Item
490 723 538 800 de
563 725 636 802 elio
661 724 792 826 predio
816 722 950 802 ibidem
975 725 1228 802 VTmetretas
1253 736 1290 800 et
1316 725 1335 800 Ι
1359 726 1508 828 pullum.
1557 729 1656 808 itera

271 832 313 902 io
336 827 595 902 asturienses
620 825 666 901 de
691 822 812 901 Gurdo
836 826 870 900 Ι.
894 824 1056 901 meditem
1093 849 1212 901 coece
1235 823 1336 901 LX·
1358 827 1536 904 denarios
1559 844 1596 906 et
1619 830 1655 906 1.

268 927 424 1100 polium.
460 925 557 1000 Item
571 931 611 1000 io
628 925 886 1002 Raitenbuoed
901 925 947 1001 de
971 925 1266 1025 doobospredtio
1279 921 1352 1000 IX
1369 925 1509 1004 modios
1523 951 1656 1006 anm.

293 1035 362 1100 tem
387 1023 522 1102 XVIII
548 1023 720 1100 denarios
746 1037 783 1102 et
807 1025 847 1102 II
873 1023 1006 1126 pullos·
1333 1092 1336 1100 ,
1410 1067 1412 1070 >

202 1154 207 1166 r
370 1123 460 1199 Item
486 1122 534 1198 de
559 1126 754 1200 iremusten
788 1123 808 1198 Ι
841 1122 995 1198 modium
1029 1145 1148 1199 auena
1180 1133 1217 1198 et
1247 1123 1269 1198 I
1302 1123 1449 1224 pullunr.
1501 1125 1591 1202 Item
1616 1130 1680 1203 iu.
1776 1196 1779 1205 .

270 1219 579 1298 OsterlrnhacbI
604 1223 759 1298 modium
784 1245 903 1299 aneno
929 1232 966 1298 et
991 1222 1011 1296 I
1035 1220 1182 1322 pullum.
1520 1281 1525 1290 .

368 1322 458 1398 Item
482 1324 520 1396 in
545 1321 791 1400 Scboncbaob
816 1322 1018 1398 aduooacia
1042 1331 1102 1397 est
1126 1321 1261 1398 domini
1282 1319 1318 1396 E
1346 1325 1462 1422 iscopi
1482 1323 1574 1399 Item
1601 1322 1651 1400 dc

269 1419 309 1494 V
334 1424 469 1496 rnausis
494 1422 554 1495 ΙΙΙ
579 1421 719 1498 modios
744 1445 862 1498 auene
889 1433 926 1497 et
954 1421 990 1496 V
1014 1420 1150 1522 pullos.
1188 1419 1279 1496 Item
1333 1444 1379 1496 ua
1404 1444 1494 1497 aree
1516 1416 1649 1500 ibidem

268 1517 289 1594 I
313 1519 468 1594 modium
494 1543 612 1596 anene
638 1535 675 1596 et
697 1521 737 1594 ΙΙ
762 1519 896 1623 pullos.

367 1618 459 1694 Item
484 1621 618 1694 Pastor
649 1615 783 1696 ibidem
816 1621 837 1695 Ι
869 1617 1024 1696 modium
1062 1640 1190 1694 anene.
1240 1617 1330 1694 Item
1357 1617 1405 1694 de
1431 1618 1650 1696 Molendino

99 1743 102 1750 ¹
265 1715 422 1793 solidum
449 1715 678 1795 denariorum
704 1721 794 1796 etl.
820 1719 966 1821 pullum.
1016 1719 1108 1841 Item
1134 1717 1182 1793 de
1208 1715 1267 1792 IV
1298 1720 1398 1793 areis
1432 1717 1567 1796 ibidem
1592 1719 1652 1796 IV

292 1815 400 1891 ullos.

266 1839 290 1916 p
362 1913 452 1990 Item
478 1915 514 1988 in
550 1915 795 2017 braitteubruu
830 1913 995 1991 dominus
1020 1915 1235 2017 Episcopus
1269 1913 1410 1990 confert
1436 1915 1648 1994 Ecclesiam

263 2019 300 2086 et
323 2011 526 2088 aduooacia
551 2016 676 2089 attinet
701 2016 807 2088 sibi'

361 2111 450 2186 Item
479 2109 527 2186 de
554 2106 670 2188 Curia
695 2109 791 2188 dotis
817 2111 837 2186 1
863 2110 1016 2186 modium
1043 2134 1163 2188 auena
1185 2124 1222 2188 et
1247 2112 1268 2187 I
1294 2111 1440 2214 pullum.
1478 2112 1572 2190 Item
1598 2111 1648 2190 de

261 2207 301 2284 Π
327 2213 440 2285 curiis
465 2209 504 2284 11
530 2211 672 2285 modios
697 2233 817 2287 auene
843 2224 879 2286 ct
904 2211 942 2286 II
968 2210 1100 2309 pullos.
1150 2211 1241 2286 Item
1267 2209 1316 2286 de
1340 2210 1415 2286 XV
1438 2215 1540 2289 areis
1566 2213 1646 2287 XV

204 2374 207 2384 .
262 2307 398 2408 pullos.
432 2307 523 2384 Item
549 2305 675 2399 (luris,
702 2331 773 2480 pue
795 2311 919 2384 attinet
935 2305 1070 2384 Castro
1095 2308 1154 2383 III
1178 2305 1321 2382 modios
1346 2308 1520 2406 siliginis.
1553 2311 1647 2386 Item

263 2414 305 2483 io
329 2407 415 2482 ΠΡ
445 2429 545 2483 uano
569 2410 679 2482 coluit
735 2407 771 2482 V
791 2405 930 2482 modios
960 2408 1119 2504 ailipinia
1151 2417 1188 2480 et
1212 2406 1271 2479 III
1296 2405 1436 2480 modios
1469 2430 1589 2482 auene
1614 2408 1653 2483 X

148 2553 161 2568 -
265 2505 410 2582 solidos
427 2503 656 2582 denariorum
671 2506 729 2581 IV
744 2529 900 2582 anseres
924 2505 982 2581 IV
1007 2505 1131 2604 pullos
1147 2503 1245 2578 VIII
1261 2502 1411 2581 Caseus
1436 2515 1473 2580 et
1494 2503 1542 2582 O·
1569 2529 1651 2583 oua

363 2605 454 2681 Item
479 2605 515 2678 in
536 2603 828 2681 Scbonenberch
851 2600 1016 2680 dominns
1033 2603 1246 2705 Episcopus
1271 2603 1416 2679 confert
1431 2601 1646 2680 Ecclesiam

262 2711 299 2780 et
315 2703 519 2780 adnoeacis
544 2705 670 2780 attinet
693 2706 765 2780 sibi
790 2715 828 2778 et
852 2728 990 2780 merum
1016 2701 1208 2779 dominium
1234 2703 1335 2778 ville.
1375 2703 1466 2778 Item
1483 2702 1521 2778 V
1538 2704 1644 2780 curie

183 2803 187 2810 ’
260 2802 395 2880 ibidem
421 2803 469 2880 de
520 2804 627 2902 uibus
652 2799 781 2878 dantur
805 2804 845 2878 II
870 2804 986 2880 librae
1023 2802 1254 2878 denariorum
1278 2804 1315 2876 in
1342 2798 1546 2878 redditibus
1573 2801 1645 2877 do·

260 2905 432 2979 miuorum
450 2827 522 2978 sed
547 2926 618 2977 non
644 2915 727 2979 sunt
750 2904 881 2980 locata.
922 2904 1013 2980 Item
1038 2904 1143 2978 curia
1167 2899 1264 2977 dotis
1279 2899 1414 2978 ibidem
1438 2901 1460 2976 1
1483 2899 1642 2978 modium

262 3024 382 3079 auena
407 3001 488 3078 etl
514 3003 661 3104 pnllunr.
773 3027 778 3054 ¹
1556 3079 1563 3088 ,

360 3099 572 3176 Notandum
598 3096 696 3201 quod
720 3101 814 3177 bona
838 3103 873 3174 in
900 3097 1171 3199 Scironenberg
1201 3111 1239 3174 et
1271 3101 1308 3173 in
1346 3098 1544 3196 kilrlingen
1571 3123 1645 3174 nou

259 3209 345 3275 sunt
369 3201 490 3276 locata
514 3223 585 3276 nec
609 3205 730 3302 posits
763 3202 799 3274 in
824 3201 976 3274 racione
1008 3197 1078 3274 sed
1111 3222 1179 3300 pro
1215 3201 1381 3296 presenti
1413 3197 1562 3272 solnunt
1586 3196 1646 3272 vi
1750 3242 1752 3245 ·

105 3331 112 3336 ·
258 3296 373 3374 libras
400 3297 627 3375 denariorum
660 3298 730 3374 sed
766 3295 968 3375 secundnm
998 3321 1124 3374 veram
1161 3299 1431 3384 estimacionem
1464 3295 1663 3372 deberent

258 3398 409 3474 soluere
433 3397 509 3474 XII
532 3399 654 3474 libras'
673 3394 902 3474 denariorum
926 3399 961 3469 in
987 3397 1193 3473 redditibus
1219 3391 1453 3472 dominorum.

357 3497 447 3574 Item
474 3499 510 3570 in
529 3499 726 3596 kiklingen
752 3497 800 3572 de
826 3499 928 3574 curia
953 3495 992 3570 ΙΙ
1017 3496 1129 3572 libras
1154 3491 1394 3570 denarIornm.
1412 3532 1416 3540 ι
1434 3493 1525 3567 Item
1550 3489 1644 3568 XIX

258 3595 448 3691 tagwercb
474 3611 654 3697 pratorum
687 3593 831 3672 ibidem.
880 3596 971 3671 Item
1007 3597 1167 3696 piscaria
1198 3597 1235 3668 in
1268 3590 1512 3669 sitienwancb
1546 3591 1643 3667 omni
1766 3665 1772 3674 ,

121 3773 129 3819 3
259 3692 462 3815 ebdomade
487 3696 544 3772 VI
570 3696 742 3772 denarios
775 3696 934 3772 soluunt·
984 3697 1076 3772 Item
1107 3697 1144 3768 in
1169 3693 1320 3769 Jeiuuio
1345 3693 1365 3768 Ι
1389 3687 1546 3768 solidum
1573 3687 1643 3766 dc-

259 3819 451 3872 nortorum.

357 3896 448 3970 Item
473 3896 509 3969 in
535 3891 747 3995 Eychinvle
774 3893 822 3969 de
848 3895 951 3971 ouria
976 3893 1036 3968 III
1062 3885 1202 3969 modios
1227 3889 1388 3988 siliginis
1412 3891 1471 3966 III
1498 3889 1641 3966 modios

145 4015 182 4048 -·
257 4015 329 4068 aue
362 3993 402 4071 X
435 3994 579 4070 solidos
613 3993 852 4070 denariorum.
903 3994 993 4070 Item
1030 3987 1079 4065 de
1113 3990 1319 4067 molendino
1344 3989 1459 4067 XXX
1494 3989 1643 4092 solidos

259 4091 498 4170 decanorum.
548 4095 639 4170 Item
666 4089 713 4168 tle
739 4093 902 4222 quolibet
925 4091 945 4168 1
970 4090 1122 4196 pullum.
