4209 5034
442 527 564 624 ibe
728 543 740 562 “
855 588 859 596 -
987 529 1292 666 monumenta·

466 769 639 847 utemitas
663 773 799 844 nestra
831 789 900 843 nas
933 767 971 842 in
1006 762 1213 845 huiusmodi
1244 762 1400 843 eamus
1430 773 1469 841 ct
1500 759 1664 840 Justicic
1685 763 1823 842 nat&

437 793 528 948 Ξὶοιὶ
552 871 716 970 protensi
740 869 865 943 statuti
891 870 1103 960 occasione,
1127 868 1303 968 graciose
1329 860 1598 942 nonnanes
1619 862 1764 942 babere
1783 875 1823 942 ct

441 991 490 1046 ne
515 969 633 1044 eidem
658 967 701 1042 ln
726 966 931 1043 huiusmodi
964 967 1161 1042 concordie
1192 977 1348 1043 tractatu
1376 968 1555 1067 quiquam
1574 964 1727 1042 roboris
1751 985 1822 1042 ee·

440 1067 614 1144 firmitatis
637 1069 836 1159 adiciatur,
872 1069 1080 1163 graciosins
1113 1090 1318 1158 niecancre
1347 1065 1541 1165 dignetur,
1574 1085 1658 1142 curu
1690 1061 1824 1141 eade·

488 1171 614 1243 aciosa
641 1170 839 1268 paternitas
864 1178 989 1242 restra
1013 1167 1213 1266 intelligat,
1249 1168 1334 1243 lere
1358 1167 1395 1239 iu
1419 1165 1587 1240 onmibos
1612 1157 1824 1242 catucirn-

469 1269 537 1342 bns
563 1266 753 1342 Ecclesiis
786 1268 822 1340 iu
858 1268 989 1367 quibus
1015 1263 1189 1342 doctores
1219 1278 1261 1342 et
1291 1265 1473 1342 licenciati
1505 1287 1576 1338 nou
1609 1263 1753 1341 nobiles
1781 1263 1825 1338 in

444 1361 657 1446 Uarroniens
683 1365 933 1455 admittuntur,
963 1365 1063 1440 dicto
1088 1379 1264 1466 pretenso
1288 1376 1422 1441 matulo
1446 1365 1664 1439 eontrarium
1688 1359 1824 1438 obser·

443 1469 535 1557 nari,
562 1465 612 1540 ln
636 1468 694 1540 sie
719 1465 779 1540 filii
803 1468 915 1541 nostri
941 1464 989 1540 bii
1016 1479 1100 1540 suut
1125 1467 1185 1565 qni
1210 1478 1337 1540 contm
1360 1464 1434 1542 Jns
1459 1472 1496 1539 et
1521 1461 1824 1540 consuetudine·

444 1577 482 1642 et
507 1569 598 1640 eitra
624 1587 728 1641 onrne
754 1564 964 1642 demeritum
989 1567 1036 1640 ab
1054 1563 1126 1639 biis
1146 1563 1528 1664 excludiqneruntnr,
1555 1563 1686 1662 quibus
1708 1561 1825 1636 onais

296 1739 306 1748 ,
408 1705 412 1712 ·
443 1661 560 1756 bonor
586 1667 803 1740 renerencia
836 1678 873 1740 et
905 1665 1184 1739 humanissimus
1220 1667 1412 1740 conuictus
1447 1685 1472 1736 a
1495 1663 1601 1736 nobis
1626 1671 1666 1736 et
1685 1659 1826 1736 nosris

444 1759 624 1837 hactenns
649 1765 792 1839 exiberi
817 1766 1029 1856 consueuit,
1056 1787 1159 1863 quem
1185 1762 1390 1840 huiusmodi
1416 1761 1611 1835 luiurioais
1634 1760 1827 1836 conatibus

443 1862 688 1938 internectere
713 1874 902 1960 satagunt,
935 1886 1004 1936 nun
1040 1866 1204 1947 ratione,
1238 1862 1307 1938 sed
1339 1861 1416 1938 odii
1449 1862 1567 1936 liuore
1602 1862 1686 1935 sine
1703 1879 1829 1934 cem
1866 1893 1882 1908 ⁶

445 1963 624 2064 permoti,
650 1961 760 2051 Quod
786 1961 905 2036 eidem
931 1964 1107 2060 graciose
1131 1963 1334 2062 paternitati
1361 1972 1490 2036 vestre
1513 1961 1715 2058 queruloso
1737 1981 1828 2059 pro·

446 2081 586 2234 genere
612 2063 795 2158 cogimur,
833 2060 1008 2159 Idemque
1040 2062 1139 2161 apud
1164 2075 1312 2137 ceteros
1345 2059 1455 2137 Sacri
1490 2060 1642 2134 Bonrmri
1678 2055 1829 2156 Imperii

484 2157 657 2258 rincipes,
682 2159 870 2234 Procerus
896 2175 933 2235 et
959 2159 1158 2258 Magnetes
1183 2161 1331 2252 facturi,
1355 2157 1624 2256 2Coguooinrns
1660 2157 1753 2232 eninr
1789 2165 1830 2230 et

341 2315 343 2320 ·
447 2279 499 2334 ex
538 2259 666 2344 breuis
713 2259 931 2358 appostuliei
976 2273 1104 2335 tenore
1148 2258 1287 2358 liquido
1337 2257 1659 2358 deprehendimus·
1717 2247 1831 2345 Quoi

454 2355 697 2436 Sanctissimo
730 2359 869 2434 donnino
904 2369 1008 2434 nosto
1040 2381 1137 2460 pape
1169 2361 1320 2434 relatum
1354 2367 1430 2446 est,
1471 2359 1542 2431 nisi
1580 2353 1829 2431 amicabilibus

359 2462 365 2488 ’·
449 2455 582 2532 mediis
605 2458 746 2532 obuiam
771 2461 857 2532 ituni
883 2458 1005 2548 inerit,
1031 2457 1224 2533 timendum
1249 2458 1351 2549 lore,
1376 2460 1472 2531 inter
1497 2455 1660 2531 Nobiles
1685 2465 1724 2528 et
1741 2451 1831 2528 Ma·

444 2569 581 2656 gnates
606 2569 644 2630 et
669 2581 737 2631 nos
762 2557 826 2632 rel
860 2569 1006 2633 nostrus
1036 2555 1125 2632 odia
1158 2579 1333 2632 rancores
1366 2569 1404 2632 et
1435 2553 1615 2629 scarrdale
1643 2575 1831 2650 successa

445 2658 622 2753 temporis
648 2668 842 2748 euentura,
879 2660 1010 2756 quibus
1036 2655 1223 2732 Sanctitas
1248 2683 1317 2730 sna
1341 2654 1596 2731 admittendum
1621 2649 1831 2728 huiusmodi

359 2793 362 2800 ·
437 2754 564 2828 breue
597 2757 846 2830 verisimiliter
871 2759 1105 2830 occasionata
1130 2770 1200 2847 est,
1230 2757 1365 2830 Verum
1391 2777 1461 2855 spe
1484 2753 1580 2828 band
1596 2750 1707 2827 dubia
1722 2751 1831 2828 nobis

476 2851 717 2927 ersnademns
743 2876 867 2926 omncs
893 2865 930 2927 et
953 2855 1123 2952 singulos
1148 2857 1451 2930 circumiacentes
1477 2866 1514 2928 et
1530 2853 1624 2927 alios
1639 2853 1830 2952 principes

492 2950 612 3022 ubiles
649 2976 693 3026 ac
727 2951 943 3048 Magnetes,
982 2953 1030 3025 ad
1064 2977 1213 3050 quornm
1245 2957 1415 3030 noticiam
1447 2967 1552 3028 tenor
1585 2952 1673 3027 dicti
1704 2948 1831 3026 araturi
1975 3007 1982 3014 -

450 3051 664 3147 peruenerit
688 3049 947 3148 iniquissimum
973 3050 1220 3140 indicaturos,
1254 3050 1478 3129 Coiuuorurn
1504 3063 1708 3125 nostrornm
1731 3049 1832 3124 lilios

414 3241 417 3252 Ι
451 3145 570 3247 gradu
597 3147 825 3245 qualificatus
857 3169 923 3247 pro
954 3147 1154 3225 Canonicis
1187 3147 1286 3226 dicte
1311 3151 1492 3227 Ecclesie
1515 3149 1637 3226 absses
1663 3151 1831 3225 existere

402 3276 405 3282 ¹
452 3255 490 3323 et
525 3246 623 3321 illins
659 3261 805 3323 nostrus
842 3246 1041 3324 eorundem
1078 3249 1289 3325 colonorum
1323 3247 1488 3327 dontinus
1524 3248 1833 3325 irracionabiliter

452 3345 619 3438 excludi,
644 3373 693 3423 ex
720 3350 850 3446 quibus
877 3345 974 3422 band
1000 3345 1111 3424 dubie
1145 3373 1215 3423 rron
1248 3360 1467 3426 extenuant
1491 3349 1736 3426 Sanctissimo
1760 3346 1831 3422 do·

451 3447 546 3522 mino
573 3458 696 3522 nostro
727 3471 823 3548 pape
856 3448 1006 3522 relatum
1040 3461 1117 3540 est,
1151 3448 1222 3524 sed
1257 3453 1428 3524 intestina
1462 3449 1550 3524 odia
1581 3469 1759 3525 rancores
1793 3451 1830 3520 et

453 3545 632 3622 scaudala
655 3548 892 3620 verisimilius
917 3548 1077 3623 timenda
1101 3562 1202 3640 surrt,
1237 3573 1318 3625 cum
1352 3551 1435 3625 boni
1468 3561 1506 3624 et
1538 3547 1683 3624 bonesti
1708 3542 1829 3623 Cinea

450 3645 582 3720 vident
613 3669 658 3719 se
690 3637 853 3746 suosque
887 3647 984 3722 filios
1016 3649 1205 3724 uniuersis
1229 3647 1349 3722 mnndi
1376 3647 1618 3740 christicolis,
1656 3653 1830 3724 cessante

453 3747 549 3820 omni
576 3743 752 3819 demerito
778 3761 814 3822 et
840 3761 966 3822 corrtra
992 3771 1129 3822 omnem
1154 3750 1344 3846 utriusque
1365 3747 1469 3824 Jnris
1494 3751 1719 3824 sanctionem
1741 3745 1832 3819 viti·

454 3865 542 3917 ores
559 3844 890 3945 abiectioresqnea
910 3849 1207 3922 commorantibus
1224 3847 1392 3939 indicari,
1418 3871 1532 3946 quare
1543 3850 1625 3922 iure
1638 3866 1686 3922 ao
1702 3845 1832 3921 merite

408 3967 418 3982 ²
453 3939 681 4042 famemque
707 3944 854 4022 honoris
880 3951 992 4021 riustri
1020 3949 1167 4047 prodigi
1193 3971 1239 4023 ac
1264 3949 1497 4046 negligentes
1522 3946 1701 4022 censendi
1718 3967 1831 4021 essc-
1891 4027 1900 4047 ‚

455 4061 551 4130 mus,
592 4045 624 4118 si
652 4043 855 4120 huiusmodi
882 4048 1073 4122 iniuriosis
1107 4049 1298 4123 conatibus
1334 4044 1552 4123 dece‘nbbns
1583 4049 1676 4122 iuris
1700 4044 1830 4120 neritis

454 4137 605 4220 obniare
630 4145 911 4262 pretereundum
945 4145 1176 4226 duceremus.
1214 4149 1723 4295 itureamgracioscfpater,
1757 4143 1830 4220 bie
