4209 5034
404 571 519 664 ’360
802 621 811 634 =
839 668 850 683 ,
933 533 1278 680 'Miluumeutr
1351 595 1394 672 .;

414 807 536 909 Regis
570 815 607 884 et
631 803 827 907 Principes
857 802 983 882 harum
1014 753 1334 886 saluberrimarum
1365 826 1487 883 rerum
1518 803 1647 903 gracia
1677 756 1802 878 mim

416 909 529 986 mutui
553 908 693 982 numine
718 907 880 1006 receptis
907 931 1117 1008 quemquem
1172 907 1306 1004 ,redisti
1337 907 1443 1010 greci
1467 904 1573 980 nubis
1606 912 1645 979 et
1679 900 1801 998 eidem

282 1007 291 1020 “
416 1007 584 1086 ecclesie
610 1000 709 1106 quod
734 1001 903 1082 dolenter
937 1005 1144 1084 refedmus·
1218 1008 1402 1110 promisso
1426 1004 1643 1081 dedecerint
1667 1009 1706 1078 et
1731 1022 1803 1104 per

416 1129 486 1185 uos
512 1130 584 1181 non
608 1105 709 1181 stetit
758 1131 839 1182 uum
865 1108 982 1182 omnic
1006 1119 1115 1210 pacta
1139 1117 1177 1184 et
1202 1117 1384 1186 conuenta
1397 1129 1478 1183 cum
1495 1106 1553 1181 eis
1572 1100 1620 1179 ad
1635 1121 1802 1201 umquem
1856 1196 1864 1203 ι

416 1207 713 1283 seruauissemus
726 1131 777 1281 dt
792 1206 967 1306 quonism
992 1209 1100 1284 nubis
1124 1207 1221 1282 iuter
1245 1209 1366 1284 rerum
1390 1205 1573 1305 agibilium
1603 1202 1802 1278 uarietates

416 1307 731 1406 agitacionumque
755 1305 945 1404 angustius
969 1303 1133 1407 undique
1159 1309 1366 1383 constitutis
1390 1305 1463 1380 hoc
1489 1303 1689 1380 altissimus
1710 1321 1802 1375 cous

415 1403 519 1483 ierrn
545 1399 716 1502 dignatus
744 1411 809 1482 est
839 1407 879 1484 ut
911 1403 1029 1507 ip'sius
1061 1407 1192 1506 gracia
1220 1409 1263 1484 iu
1294 1405 1379 1486 huc.
1398 1401 1562 1484 Ciuitate
1597 1399 1801 1486 Basilice&

419 1501 652 1600 sanctissimi
667 1500 813 1582 Felicis
833 1525 930 1677 pepe
952 1502 1449 1604 V1Corouaciosulemnitcr
1464 1496 1585 1579 extitit
1600 1500 1799 1580 celebrata.

415 1626 486 1680 nos
511 1602 563 1678 itu
587 1603 648 1702 qui
673 1625 753 1678 cunr
778 1603 862 1703 ipsu
904 1604 1022 1681 omino
1038 1603 1320 1705 Felicegracia
1336 1603 1461 1680 diuina
1479 1601 1587 1679 uobis
1602 1600 1803 1675 assistente

416 1703 573 1779 ulterius
598 1699 746 1796 solicite
769 1697 939 1778 laborare
974 1703 1214 1804 cogitateque
1240 1704 1447 1783 curabimus
1480 1723 1552 1802 quo
1586 1711 1697 1801 pacto
1721 1696 1804 1772 lan·

415 1804 544 1902 guenti
569 1799 742 1877 ecclesie.
761 1801 960 1880 subuenire
986 1801 1198 1904 perniciosa
1221 1805 1394 1886 scismata
1418 1812 1455 1878 et
1479 1802 1683 1904 principum
1701 1794 1804 1873 chri·

418 1902 616 1976 stiuuorum
642 1897 798 1974 dissidia
819 1895 955 1975 tollere
979 1899 1243 2002 pullulancium
1266 1899 1439 1983 heresum
1454 1896 1505 1976 de
1520 1899 1653 1977 linibus
1740 1893 1805 1971 cul

416 1996 562 2102 pellere
587 1999 796 2100 possumus
821 1995 1051 2076 attendentes
1078 1999 1176 2098 quod
1199 1999 1250 2076 ud
1283 2022 1331 2076 es
1364 1999 1530 2077 salubria
1555 2001 1612 2076 sic
1643 1919 1804 2072 sdicitur

418 2107 639 2202 ceptoque
672 2105 812 2174 restant
833 2096 1058 2200 *peragenda
1085 2109 1133 2176 et
1172 2121 1286 2177 oueru
1319 2121 1567 2200 expensurum
1603 2105 1803 2194 propterea

409 2195 668 2317 supportanda
692 2217 836 2273 necnon
859 2195 909 2273 ad
934 2197 1238 2276 satisfaciendum
1254 2197 1500 2276 creditoribus
1544 2196 1674 2273 reiatis
1687 2189 1803 2270 nichil

419 2296 521 2374 ulrud
546 2298 650 2375 nobis
675 2295 903 2378 et'ecclesie
928 2299 1092 2400 supersit
1124 2298 1194 2376 nisi
1220 2297 1319 2472 qduud
1350 2296 1505 2404 christili
1532 2295 1643 2373 elium
1658 2315 1802 2370 ‘manus

443 2421 484 2474 ru
509 2392 782 2496 consequendis
807 2394 975 2474 eiusdem
999 2394 1168 2474 ecclesie
1191 2395 1229 2471 iu
1257 2397 1441 2498 ulgenciis
1475 2393 1609 2474 dudum
1638 2413 1801 2499 pernes

415 2419 590 2573 ddelibus
626 2496 719 2598 ipsis
756 2491 807 2570 ud
843 2519 937 2600 opus
972 2495 1198 2573 reductionis
1232 2494 1410 2577 dictorum
1442 2519 1636 2598 grecorum
1672 2516 1800 2571 manus

373 2600 375 2612 '
415 2591 625 2674 huiusmodi
656 2593 857 2672 adiutrices
889 2595 1160 2696 porrigentritus
1201 2601 1394 2674 concessis
1428 2595 1502 2700 ipsi
1540 2596 1707 2674 ecclesie
1739 2593 1802 2692 pia

416 2693 610 2774 oblacione
634 2693 815 2772 atulerunt
838 2695 976 2796 pariter
1001 2702 1038 2770 et
1064 2693 1252 2771 donarunt.
1284 2695 1382 2773 Hinc
1404 2705 1464 2772 est
1488 2691 1586 2796 quod
1610 2704 1799 2770 nostuum

417 2791 569 2874 Circum
617 2795 795 2871 sotionem
820 2819 923 2896 quarn
948 2791 1055 2870 nobis
1080 2802 1118 2870 et
1137 2794 1213 2895 ipsi
1234 2792 1401 2872 ecclesie
1422 2792 1612 2898 plurimum
1630 2792 1798 2868 deuotam

406 2906 585 2971 tenemus
646 2913 796 2969 onemus
822 2901 859 2970 et
882 2902 1040 2970 ortumur
1062 2896 1101 2968 in
1121 2889 1268 2970 domiuo
1293 2896 1531 2998 perviscera
1545 2885 1799 2970 misericordie

417 2991 534 3071 Iehsu
547 2989 688 3071 Christi
712 2993 941 3094 requirentes
967 3002 1146 3096 quatenus
1170 2991 1300 3072 eadem
1323 3003 1387 3072 tna
1411 2989 1707 3096 circumspectio
1731 3009 1800 3094 pro

420 3091 484 3169 dei
509 3103 548 3171 et
570 3092 796 3168 uniuersalis
828 3093 995 3170 ecclesie
1027 3095 1249 3171 reuereucia
1278 3095 1385 3172 nobis
1416 3096 1594 3170 assistere
1628 3092 1801 3191 dignetur

419 3201 459 3270 et
482 3191 585 3288 uelit,
611 3211 657 3269 ac
683 3195 876 3294 cooperari
907 3193 981 3268 uiis
1015 3204 1051 3269 et
1086 3189 1218 3269 mediis
1252 3193 1416 3270 omnibus
1447 3202 1555 3294 prout
1587 3189 1802 3268 catholicum
1871 3204 1879 3216 ⁸

419 3287 535 3370 decet
572 3289 758 3396 presulem
797 3301 835 3367 ut
867 3290 1074 3368 huiusmodi
1132 3295 1265 3370 ecuuie
1297 3289 1613 3393 indulgenciamm
1652 3293 1691 3366 iu
1730 3289 1804 3365 tuis

420 3387 581 3470 Oiuitste
606 3401 646 3469 ct
670 3385 812 3468 diocesi
834 3391 1010 3492 illiusque
1027 3391 1087 3491 cpi
1117 3393 1150 3466 ‘s
1164 3389 1312 3469 Castris
1325 3391 1430 3467 villis
1444 3404 1481 3468 et
1496 3389 1591 3467 locis
1609 3390 1803 3490 quibusuis

419 3491 579 3570 collecte
603 3501 640 3568 et
659 3489 758 3594 opud
775 3510 1022 3591 quoscumque
1041 3491 1251 3592 clauigeros
1265 3489 1512 3592 depositarios
1524 3493 1606 3567 siue
1620 3484 1801 3568 custodes

419 3589 592 3693 deposite
615 3591 700 3666 siue
725 3600 944 3666 conseruate
970 3603 1167 3668 noscuntur
1190 3613 1259 3691 pro
1272 3591 1390 3667 ⁸¹nobis
1416 3599 1454 3665 et
1477 3587 1609 3671 eadem
1633 3587 1801 3667 ecclesis

416 3685 568 3768 dilectis
593 3689 759 3768 ecclesie
785 3687 875 3765 tiliis·
896 3683 1073 3767 Conrado
1105 3691 1243 3768 Baroui
1265 3689 1427 3766 Barouie
1455 3687 1504 3766 de
1543 3689 1803 3788 Weiuszperg

417 3789 628 3892 Imperialis
652 3785 813 3865 Camers
839 3783 1053 3866 Camerario
1078 3787 1302 3869 hereditario
1327 3799 1366 3866 et
1389 3785 1530 3864 alberto
1555 3785 1725 3874 schencl'r
1749 3783 1804 3860 de
1937 3825 1944 3834 -

417 3888 577 3990 limpurg
611 3883 801 3965 Canonico
830 3883 1049 3988 Maguutino
1085 3889 1317 3968 decretorum
1349 3881 1494 3965 deuoti
1524 3882 1802 3963 Golteuorttus

418 3989 554 4064 uostris
578 3986 643 4062 uel
668 3983 888 4086 deputandis
911 3987 960 4064 ab
985 3991 1041 4064 eis
1065 4012 1136 4065 seu
1161 3989 1323 4091 ipsorum
1346 3999 1411 4064 ant
1428 3982 1717 4090 deputandorum
1740 3980 1801 4059 al-

419 4097 500 4164 tero
524 4085 665 4187 ubsque
697 4083 913 4164 difficultate
944 4095 982 4164 et
1015 4087 1244 4184 subterfugio
1275 4085 1462 4166 trudantur
1496 4097 1535 4163 et
1564 4086 1807 4186 assignantur

415 4206 469 4270 ue
493 4193 591 4264 tants
615 4185 710 4267 bona
733 4185 780 4268 ub
805 4209 1051 4290 expensarum
1085 4185 1279 4268 detlectum
1300 4183 1475 4293 impedita
1496 4193 1707 4266 remaneant
1730 4179 1801 4264 Sic
1830 4287 1838 4297 ·
