4209 5034
642 579 645 589 ·
680 538 948 646 episcopatus
976 535 1236 650 rdrrgnstani.
1573 530 1675 621 243

850 961 1105 1052 Lxxxxl.
1148 987 1151 993 ’

691 1187 700 1210 ‘
726 1199 815 1262 Anno
837 1202 930 1264 uisu.
974 1198 1025 1258 13.
1048 1195 1236 1256 Decembris

107 1475 110 1482 ,
232 1509 242 1531 Ι
295 1387 517 1498 Sententia
546 1395 758 1486 definitiva
796 1422 929 1507 super
966 1342 1216 1480 differentiis
1239 1395 1351 1477 inter
1380 1390 1604 1499 capitulum
1635 1393 1681 1472 et

102 1577 103 1582 κ
293 1521 413 1604 cives
442 1522 629 1634 August.
663 1519 717 1603 de
746 1512 1171 1720 mffiffiffim'
1189 1505 1293 1596 lilios
1317 1507 1679 1595 aranonicatibns

390 1865 434 1944 ln
459 1871 602 1946 nomine
628 1853 762 1944 domini
788 1869 908 1944 Amen
944 1859 1079 1940 dudum
1106 1858 1229 1935 felicis
1254 1849 1521 1932 recordationis
1546 1845 1677 1929 Sirius
1751 1953 1754 1959 Ι

289 1991 386 2143 pepo
419 1965 580 2060 Quartus
614 1967 792 2068 quandam
826 1961 1094 2044 commissionis
1119 1961 1202 2034 sine
1228 1956 1483 2058 suplicationis
1510 1945 1679 2026 cedulam

328 2067 517 2146 euerendo
549 2069 644 2170 patri
685 2067 829 2144 domino
862 2067 1026 2142 Antonio
1065 2058 1114 2135 de
1152 2057 1308 2134 Grassis
1343 2057 1535 2153 utriusque
1569 2048 1677 2125 Juris

290 2163 435 2244 doctori
467 2179 554 2244 tnnc
578 2165 919 2268 Archipresbytero
952 2177 990 2240 at
1015 2157 1208 2240 Canonico
1234 2154 1400 2232 ecclesie
1425 2149 1677 2227 Bononiensis
1774 2191 1780 2208 .

268 2267 483 2370 ·'oapellano
508 2291 579 2344 suo
605 2280 642 2344 et
666 2269 786 2368 ipsius
816 2269 916 2342 sacri
944 2261 1073 2364 palatii
1104 2251 1300 2360 apostolici
1334 2275 1527 2330 cansarum
1552 2245 1679 2322 Audi-

287 2370 359 2445 tori
385 2389 481 2443 nnuc
506 2387 600 2444 vero
625 2365 816 2468 Episcopo
842 2363 1034 2440 Tiburtino
1069 2379 1115 2432 ac
1144 2357 1255 2429 vuius
1281 2376 1331 2428 ex
1357 2347 1526 2427 eiusdem
1550 2345 1679 2448 palatii

288 2467 484 2571 apostolici
516 2489 709 2543 causarum
743 2463 988 2540 Auditoribus
1023 2453 1281 2536 locumtenenti
1317 2472 1388 2554 per
1421 2458 1562 2550 certum
1595 2452 1683 2518 tuno

290 2591 396 2643 sunm
421 2563 625 2644 Cursorem
649 2567 855 2668 presentari
887 2561 980 2637 iecit
1012 2547 1220 2633 huiusmodi
1254 2553 1324 2627 sub
1349 2560 1482 2626 tenore
1509 2543 1683 2642 dignetur

289 2669 466 2745 sanctitas
491 2673 618 2742 restra
643 2683 793 2742 cansam
819 2673 856 2740 et
882 2683 1017 2736 causas
1044 2676 1149 2756 quam
1175 2662 1214 2727 et
1239 2673 1331 2750 quas
1358 2645 1485 2722 deuoti
1510 2651 1682 2717 oratores

262 2769 408 2864 xuestri
441 2763 634 2864 Magistri
655 2763 788 2841 ciuium
820 2771 857 2838 et
892 2757 1082 2838 Consules
1122 2749 1257 2828 luclito
1288 2745 1390 2824 vrbis
1421 2741 1681 2843 Angustensis

203 2921 207 2941 t
291 2864 428 2944 habent
452 2877 489 2941 et
514 2877 656 2941 mouent
682 2858 894 2961 habereque
918 2869 954 2937 et
974 2875 1125 2933 mouere
1140 2851 1268 2927 volunt
1286 2859 1323 2924 et
1336 2841 1537 2922 intendunt
1554 2851 1684 2917 contra

294 2977 331 3041 et
356 2959 540 3041 aduersus
567 2963 743 3064 quosdam
769 2962 945 3042 decenum
972 2953 1185 3034 Canonioos
1215 2961 1252 3024 et
1277 2942 1486 3047 Capitulum
1513 2939 1681 3017 ecclesie

291 3063 440 3140 maioris
465 3065 718 3164 Augustensis
743 3081 943 3164 omnesque
969 3059 1067 3134 alios
1101 3060 1138 3128 et
1162 3047 1331 3148 singuulos
1357 3069 1426 3120 sua
1449 3040 1686 3119 communiter

161 3265 164 3270 Ι
293 3159 358 3240 vel
384 3162 525 3239 diuisim
550 3165 736 3239 iuteresse
762 3171 932 3262 putantes
967 3155 1015 3232 de
1050 3163 1142 3230 ets
1196 3171 1240 3224 er
1277 3144 1510 3244 surreptione
1544 3149 1582 3213 et
1615 3137 1684 3209 olr-

293 3263 459 3364 reptione
485 3261 648 3338 nullitate
681 3271 719 3338 et
742 3257 976 3336 lrrnaliditate
1012 3275 1159 3354 quarum
1188 3272 1243 3322 am
1277 3241 1479 3319 litterarum
1504 3230 1685 3342 apostoli·

205 3365 208 3370 ’
295 3383 426 3439 carum
443 3357 583 3438 eisdem
609 3357 753 3438 decano
780 3355 986 3450 Canonicis
1025 3364 1063 3428 et
1096 3341 1257 3450 capitulo
1292 3361 1557 3420 concessarum
1584 3356 1685 3409 com-

121 3557 125 3564 ,
294 3459 566 3546 firmmmrum
601 3461 695 3538 certi
727 3459 894 3562 protensi
931 3453 1053 3531 satuti
1090 3471 1160 3550 per
1194 3439 1346 3520 eosdem
1379 3434 1529 3516 nulliter
1562 3442 1599 3509 et
1635 3450 1687 3506 ex
1725 3439 1730 3450 “

168 3595 172 3600 ·
293 3559 406 3636 falsis
440 3563 565 3638 causis
599 3555 648 3637 de
681 3557 780 3636 iacto
806 3557 895 3632 iacti
928 3559 1029 3630 circa
1062 3545 1317 3624 exclusionem
1350 3537 1505 3614 illiorum
1539 3527 1688 3609 Cinium

297 3655 397 3738 diota
422 3653 593 3738 OEuitatis
625 3661 672 3738 eb
698 3655 905 3736 obtinendis
928 3642 1219 3730 'Canonioatibns
1253 3639 1490 3740 dignitatibus
1522 3644 1561 3709 et
1592 3648 1686 3733 pru·
1807 3647 1813 3658 ’

298 3755 433 3840 bondis
460 3757 627 3838 eiusdem
652 3761 797 3838 maioris
822 3753 988 3840 ecclesie
1013 3748 1170 3848 allisque
1201 3744 1239 3816 in
1259 3741 1359 3817 ‘actis
1386 3755 1501 3814 cause
1534 3744 1572 3810 et
1597 3750 1688 3806 oau-

297 3883 420 3936 sarum
445 3853 652 3935 huiusmodi
685 3859 796 3934 latins
829 3849 1061 3932 deducendis
1095 3861 1132 3922 et
1165 3843 1307 3920 illorum
1333 3837 1534 3914 occasione
1556 3825 1687 3927 Alieni

299 3969 360 4036 ex·
382 3955 620 4035 Reuerendis
652 3957 817 4060 patribus
852 3951 1005 4030 dominis
1038 3944 1170 4023 vestri*
1194 3941 1292 4017 sacri
1327 3933 1456 4042 palatii
1492 3922 1690 4036 apostolici

298 4078 490 4134 causarum
516 4057 762 4138 auditoribus
789 4056 1005 4132 committere
1030 4057 1070 4126 et
1094 4039 1267 4122 mandare
1291 4031 1498 4114 audiendas
1524 4049 1690 4144 eognos-

298 4155 438 4235 cendns
464 4153 693 4236 decidendas
720 4167 758 4234 et
782 4156 855 4234 fine
882 4151 1005 4230 debito
1031 4135 1280 4225 terminandas
1304 4134 1400 4216 Cum
1420 4130 1588 4212 ommbns
1608 4145 1690 4203 suns

1250 4250 1360 4369 ³¹*
