4209 5034
719 521 991 634 episcopans
1012 511 1277 657 ‘Augustani
1379 553 1383 557 ·
1611 497 1716 596 308

257 801 265 816 ·
334 751 445 834 testu
453 749 686 875 percellendi
701 765 739 834 et
754 751 1041 860 perstringendi,
1053 775 1111 850 *ae
1127 752 1230 828 etiam
1247 747 1280 824 si
1296 768 1391 848 opus
1406 737 1519 820 luerit
1529 736 1712 819 Abbeteut

334 857 513 956 regimme
537 870 576 932 et
591 855 907 950 ,administratione
932 879 977 931 ac
1003 851 1188 929 Abbatiali
1215 845 1391 946 dignitate
1418 865 1558 920 necnon
1586 839 1714 916 (lauto-

333 957 440 1033 nicus
465 965 503 1032 et
526 979 708 1058 personas
733 955 821 1032 dieti
847 954 1067 1032 Mouesterii
1094 951 1225 1026 officiis
1251 948 1330 1022 suis
1356 941 1523 1047 ptinendi
1551 952 1588 1016 et
1613 961 1714 1016 eme

335 1055 447 1132 uendi
482 1079 644 1147 necnon,
680 1057 775 1143 alius
808 1055 893 1132 loco
926 1057 1087 1156 ipsorum
1108 1053 1347 1153 priuatorum
1373 1041 1640 1120 canonicorum
1676 1048 1715 1115 et

332 1176 572 1330 personarum
588 1154 845 1247 substituendi,
870 1149 1162 1231 contradictores
1188 1168 1331 1250 quoque
1358 1155 1396 1220 et
1419 1141 1584 1218 rebelles
1603 1159 1716 1239 quos-
1841 1191 1846 1198 -

348 1255 424 1330 ibet
447 1277 517 1356 per
548 1277 742 1332 censuram
775 1255 1068 1330 ecclesiasticam
1101 1262 1138 1326 et
1170 1251 1299 1350 quevis
1331 1245 1406 1320 ulia
1440 1251 1618 1344 oportune
1653 1259 1715 1314 re-

333 1351 455 1473 media
478 1353 729 1458 appellatione
750 1357 1030 1530 pompositate
1055 1349 1205 1432 brachio
1230 1345 1394 1424 seculari
1426 1343 1581 1440 siupus
1604 1337 1717 1417 luerit

332 1463 502 1530 inuocato
527 1477 747 1557 compescen
775 1457 809 1548 i,
844 1479 890 1534 ae
922 1455 1097 1530 uniuersa
1131 1463 1305 1554 preterea
1337 1453 1374 1522 et
1406 1441 1554 1542 singula
1579 1459 1650 1538 que
1675 1437 1713 1512 iu

330 1554 524 1657 premissis
549 1565 586 1631 et
611 1559 712 1632 circa
736 1581 783 1632 es
803 1556 1033 1631 'necessaria
1065 1551 1126 1628 uel
1151 1565 1329 1650 oportune
1353 1543 1511 1634 suerint,
1549 1533 1713 1613 lecieudi

331 1652 516 1730 statuendi
542 1652 733 1730 ordinandi
759 1653 969 1754 exequendi
1004 1643 1288 1750 etdispooendi
1320 1644 1470 1719 liberam
1495 1639 1559 1714 tibi
1584 1649 1714 1713 tenore

332 1755 555 1852 presentium
571 1752 752 1830 licentiam
779 1753 1017 1832 concedimus
1041 1761 1078 1826 et
1101 1749 1308 1825 laenitatem
1327 1741 1582 1818 substitutione
1596 1747 1714 1811 tamen

332 1862 371 1928 et
394 1849 625 1952 profectione
649 1842 801 1930 alterius
825 1853 984 1930 Abbatis
1011 1845 1186 1928 duntaxat
1211 1845 1403 1944 exceptis,
1429 1863 1521 1939 quas
1545 1833 1652 1911 uoltis
1677 1843 1716 1910 et

331 1953 417 2027 sedi
442 1953 648 2053 apostolice
672 1953 912 2031 tautummodo
930 1971 1176 2040 reseruamus,
1202 1943 1288 2022 Nou
1311 1937 1538 2017 obstantibus
1563 1933 1716 2035 quibus·

331 2072 477 2152 cunque
503 2053 711 2152 priuilegiis
736 2054 1026 2157 exemptionibus
1051 2047 1281 2124 libertatibus
1297 2056 1335 2119 et
1351 2037 1500 2116 indultis
1521 2057 1568 2110 ae
1584 2033 1716 2126 litteris

329 2151 547 2252 apostolicis
579 2151 698 2227 ordini
730 2175 800 2228 seu
832 2140 944 2229 etiam
964 2149 1195 2226 Monasterio
1230 2154 1265 2220 et
1290 2141 1428 2217 Abbati
1492 2131 1621 2211 relatis
1642 2129 1714 2206 sub
1798 2131 1851 2215 ’,

331 2272 547 2350 quacunque
570 2251 688 2326 forma
710 2251 772 2327 uel
797 2251 1045 2353 expressione
1072 2248 1264 2322 uerborum
1290 2241 1359 2342 p'cr
1383 2261 1450 2340 pre
1467 2249 1559 2312 atem
1584 2226 1713 2309 sedet!

330 2349 600 2450 quomodolibet
612 2352 818 2443 concessis,
838 2352 997 2440 etiamsi
1024 2348 1074 2435 de
1099 2345 1175 2420 illis
1201 2361 1398 2440 eorumque
1417 2337 1509 2412 totis
1523 2329 1715 2410 tenoribus

331 2451 383 2526 de
407 2449 524 2524 uerbo
548 2449 597 2524 ad
622 2451 772 2526 uerbum
797 2450 1032 2552 presentibus
1058 2439 1228 2520 habenda
1248 2452 1350 2516 esset
1376 2437 1508 2512 mentio
1535 2427 1714 2530 specialis

249 2564 254 2576 '
329 2570 380 2625 ee
403 2550 549 2624 astutis
573 2561 610 2624 et
635 2548 963 2625 consuetudinibus
989 2543 1208 2638 Monasterii
1234 2553 1272 2615 et
1296 2536 1438 2615 ordinis
1465 2529 1714 2632 predictum

332 2648 534 2747 iuramento
559 2647 829 2724 confirmatione
855 2647 1060 2752 apostolica
1085 2641 1148 2720 uel
1174 2640 1304 2742 queuis
1322 2637 1492 2712 firmitate
1511 2629 1586 2704 clia
1606 2624 1717 2702 rebe-

332 2749 425 2823 retis
451 2751 643 2824 contrariis
668 2749 956 2850 quibuscunque,
982 2745 1064 2823 Seu
1099 2745 1131 2817 si
1160 2739 1296 2815 Athen
1329 2745 1367 2814 et
1393 2729 1602 2810 Oeuucntui
1625 2725 1716 2802 dieti

99 2915 103 2923 .
213 2875 216 2880 ·
329 2843 562 2922 Mouesterii.
577 2849 641 2924 uel
667 2848 859 2948 quibusnis
883 2847 968 2923 aliis
993 2837 1229 2921 communiter
1252 2837 1315 2912 uel
1342 2834 1488 2910 diuisim
1510 2830 1556 2906 ab
1581 2825 1713 2903 eaden

329 2945 383 3021 sit
396 2941 492 3022 sede
510 2941 685 3022 indultum
712 2946 808 3047 quod
831 2943 1000 3023 interdici
1026 2939 1212 3044 suspendi
1230 2937 1293 3014 uel
1308 2929 1614 3013 excommunicari
1644 2947 1715 3000 nou

331 3047 475 3146 possint
489 3069 560 3145 per
572 3045 714 3122 litteras
730 3049 957 3148 apostolicas
973 3070 1043 3120 uun
1061 3041 1243 3118 iacientes
1268 3038 1411 3136 plenam
1438 3043 1476 3108 et
1498 3047 1718 3130 expressam
1806 3081 1811 3088 .

331 3167 382 3220 tte
406 3142 456 3220 de
480 3145 597 3222 uerbo
621 3144 670 3222 ad
695 3149 845 3223 uerbum
871 3145 920 3222 de
945 3143 1086 3220 indultu
1114 3132 1320 3215 huiusmodi
1346 3133 1561 3209 mentionem
1585 3126 1716 3201 ouum

179 3342 184 3348 p
289 3289 297 3300 ·
331 3243 449 3322 Rome
474 3244 573 3344 opud
599 3244 773 3322 Sanctum
798 3257 938 3347 petrum
965 3247 1073 3320 Anno
1088 3236 1356 3316 lucurnutionis
1381 3229 1564 3307 dominice
1589 3223 1719 3300 attile

183 3447 188 3452 ί
332 3344 1093 3523 ziazopffldringelptestiitpoaqtpinqus'pesipe
1118 3347 1251 3514 octlpup
1269 3329 1554 3511 (tiniutodeeimo
1571 3319 1719 3428 Kalen

507 3468 598 3520 uani
660 3467 783 3523 oue
845 3467 1006 3523 suun
1072 3460 1143 3516 uuo
1204 3459 1302 3512 rim.
1697 3472 1701 3483 ·
