4209 5034
714 615 985 722 episcopatus
1015 613 1271 729 Augustani·
1619 613 1688 704 86

301 869 382 922 rum
406 866 668 923 successorum
695 847 855 947 quolibet
879 869 974 922 enno
1007 847 1041 922 in
1078 845 1370 947 Quudrngemme
1393 841 1551 942 plebano
1575 841 1687 932 sinc-

300 957 420 1021 torum
444 941 617 1022 Vdalrioi
642 953 679 1022 et
702 947 809 1024 Allro
842 957 881 1022 vt
913 947 1051 1046 pastori
1078 941 1278 1022 eorundem
1309 967 1376 1046 pro
1409 948 1570 1046 ipsarum
1595 969 1686 1028 uou-

299 1045 529 1132 sessionibus
568 1067 613 1122 se
652 1057 864 1146 presentent
902 1055 938 1120 et
978 1057 1243 1121 sacromentum
1278 1046 1483 1121 eukaristie
1520 1049 1556 1121 in
1593 1069 1688 1124 cene

300 1144 437 1219 domini
468 1144 515 1218 ab
549 1147 633 1244 ipso
669 1147 866 1246 recipient,
902 1155 940 1219 et
973 1144 1068 1242 quod
1102 1141 1224 1220 eidem
1256 1139 1306 1218 ed
1337 1146 1419 1218 iure
1441 1144 1686 1246 parrochialis

300 1254 493 1319 teneantur
518 1264 566 1320 eo
592 1241 696 1318 modo
718 1244 834 1319 forms
869 1265 915 1318 uc
946 1241 1041 1316 Jure
1078 1245 1209 1360 quibus
1230 1243 1292 1318 olii
1319 1243 1456 1318 subditi
1489 1255 1526 1320 et
1555 1267 1685 1346 perro·

302 1341 426 1418 chinni
451 1343 489 1416 in
515 1343 709 1442 parrochia
733 1355 939 1417 sanctorum
963 1335 1134 1416 Vdulrrci
1159 1353 1197 1417 et
1215 1343 1322 1416 Allre
1346 1341 1527 1442 predictis
1551 1346 1686 1420 ustrin-

300 1455 447 1540 guntur,
471 1463 552 1515 curn
578 1464 646 1540 per
670 1443 778 1517 telem
799 1441 1113 1520 confirmacionem
1133 1453 1292 1516 nostrum
1306 1440 1501 1539 parrochie
1515 1442 1684 1541 predicte

301 1552 512 1615 sanctorum
538 1539 706 1615 Vdslrici
739 1554 777 1616 et
807 1541 913 1616 Allre
949 1541 986 1614 iu
1022 1539 1124 1614 nullo
1160 1540 1316 1614 velimus
1347 1539 1582 1639 preiudicare
1613 1563 1684 1616 seu

298 1639 516 1714 infuturum
543 1639 779 1811 puonismodo
804 1635 1010 1740 preiudiuie
1033 1641 1227 1736 generari,
1260 1650 1369 1714 etue
1393 1637 1491 1714 sorte
1510 1641 1594 1740 ipse
1619 1661 1685 1716 so-

298 1761 410 1814 rores
436 1759 504 1838 per
527 1741 670 1838 siquos
696 1739 950 1830 molestentur,
982 1735 1069 1812 Nos
1099 1739 1203 1839 ipsos
1237 1749 1275 1812 et
1301 1759 1424 1812 earum
1450 1733 1682 1814 Conuentum

297 1839 338 1910 in
370 1851 531 1913 nostrum
557 1849 594 1914 et
618 1861 878 1914 successorum
913 1849 1116 1912 nostrorum
1149 1835 1314 1914 ecclesie
1340 1833 1591 1936 Augustensis
1614 1841 1683 1912 tui-

299 1938 443 2012 cionem
468 1951 505 2012 et
531 1931 784 2012 defensionem
808 1947 937 2012 tenore
963 1937 1195 2036 presencium
1220 1937 1442 2035 suscipimus
1473 1949 1510 2012 et
1534 1933 1683 2011 tutelam

296 2039 356 2112 sic
379 2047 498 2112 tumen
524 2035 622 2134 quod
647 2036 805 2136 singulis
830 2037 935 2111 annis
959 2037 997 2110 iu
1022 2036 1166 2133 signum
1200 2044 1237 2109 ct
1263 2030 1421 2108 euidens
1444 2035 1683 2110 testimonium

296 2147 426 2211 nostre
451 2147 489 2210 et
513 2159 772 2212 successorum
798 2147 1003 2210 nostrornm
1027 2129 1295 2209 iurisdictionis
1331 2141 1369 2208 et
1401 2139 1591 2234 potestatis
1616 2157 1682 2208 su·

297 2255 366 2333 per
390 2257 460 2310 eas
486 2245 525 2310 et
547 2239 706 2334 ipsarum
723 2231 951 2310 Conuentum
966 2231 1120 2309 mediam
1144 2232 1270 2307 libram
1293 2255 1382 2308 cere
1399 2237 1437 2308 in
1458 2231 1521 2308 die
1538 2255 1684 2308 ossum·

297 2335 437 2434 ptionis
462 2333 672 2410 beatissime
697 2335 851 2428 virginis
867 2331 989 2408 Mario
1015 2341 1052 2408 et
1076 2332 1114 2404 in
1134 2331 1287 2406 Honore
1312 2329 1461 2406 eiusad
1484 2332 1685 2413 ecolesimo

301 2443 462 2510 nostrum
487 2433 687 2532 predictum
712 2434 883 2508 ministris
908 2431 1034 2504 altaris
1057 2429 1277 2600 principalis
1303 2429 1467 2504 ecclesie
1498 2429 1682 2504 antedicto

304 2536 491 2632 assignent
516 2555 586 2606 seu
612 2533 763 2608 offerant
788 2529 970 2604 humililer
994 2541 1031 2603 et
1084 2537 1204 2601 eunte.
1234 2527 1279 2599 ln
1305 2529 1409 2602 cuius
1436 2529 1491 2602 rei
1516 2529 1683 2602 noticiam

308 2640 345 2703 et
366 2631 590 2706 enideuciam
617 2631 829 2724 pleniorem,
855 2625 1009 2728 prelatis
1034 2625 1225 2702 sororibus
1258 2635 1295 2699 et
1331 2647 1454 2699 earum
1478 2647 1682 2702 successo·

307 2729 404 2804 ribus
437 2725 608 2804 dedimus
641 2727 735 2804 herro
774 2737 931 2801 nostram
966 2727 1117 2800 litteram
1153 2723 1281 2824 sigillo
1316 2737 1440 2798 nostro
1483 2723 1680 2824 pontificali

297 2825 469 2927 pendenti
504 2827 666 2926 legitime
702 2824 907 2927 sigillatam.
958 2825 1090 2898 Datum
1124 2835 1162 2898 et
1194 2823 1329 2898 Actum
1362 2824 1534 2916 Auguste
1569 2827 1682 2898 tercie

295 2925 356 3002 die
382 2927 757 3003 mensis·novemtris
782 2925 890 2998 Anno
917 2919 1050 2998 domini
1067 2921 1268 2996 lllillesimo
1295 2923 1541 2998 tricentesimo
1566 2947 1681 2998 nons-

290 3029 436 3126 gesimo
451 3037 600 3125 quarto.
