4209 5034
466 541 573 639 328
827 641 832 644 ,
1019 537 1290 636 monnone
1366 531 1410 587 ·’
1550 583 1553 588 -
1664 584 1670 592 ·

469 809 537 867 ser
559 782 658 888 ydor
673 783 739 862 tall
763 783 824 860 irir
842 781 926 862 siclt
951 777 1052 860 vnnd
1077 784 1160 861 seiu
1175 781 1406 861 nacblrumeu
1430 783 1513 859 sein
1527 779 1722 883 quaigele
1745 779 1861 859 daran

471 883 697 990 gehennckt.
723 883 948 963 DerGeben
964 885 1074 962 istan
1092 881 1209 962 Saum
1224 881 1389 960 'l'lromas
1405 876 1476 958 dea
1496 880 1678 986 beilligeu
1693 880 1862 960 zwellt-

470 987 582 1067 boton
608 995 694 1086 tage
718 982 829 1062 Naclr
845 981 960 1062 Cristi
985 983 1134 1088 gepurd
1148 980 1523 1064 Vieruebenbuudert
1547 983 1650 1061 ruod
1663 983 1719 1060 lm
1738 979 1859 1060 neur-

473 1081 839 1187 uudnewntzigisteu
863 1081 991 1162 Jaren·
1143 1114 1146 1123 ·

1041 1558 1269 1670 'oxvru

854 1820 944 1882 Anno
965 1817 1059 1880 totto.
1101 1821 1155 1880 dt).
1175 1817 1323 1907 tanuaru.
1365 1818 1470 1878 aene.
1540 1859 1547 1864 -

322 2013 326 2022 ’
469 1991 598 2106 Bulla
622 2009 858 2126 apostolica
872 2019 1026 2132 vigore
1056 2018 1191 2107 cuius
1206 2013 1433 2127 capitulum
1458 1945 1590 2102 'babet
1610 2001 1861 2124 potestatem

610 2158 668 2222 ex
697 2138 793 2242 ipsa
824 2135 1015 2254 eligendi
1047 2135 1250 2222 decanum
1277 2137 1324 2219 in
1351 2137 1533 2242 unoquo
1561 2146 1718 2220 uacuae·

568 2368 792 2446 Alexander
824 2369 1025 2472 episcopua
1056 2388 1192 2445 seruus
1225 2355 1418 2444 seruorum
1452 2357 1516 2442 dei
1549 2363 1614 2441 Ad
1646 2375 1861 2470 perpetuam

467 2465 541 2544 ltei
566 2473 770 2546 memoriam
795 2469 839 2544 lu
863 2469 1072 2572 apostolice
1102 2467 1288 2567 dignitatis
1321 2465 1483 2569 specula
1512 2466 1650 2541 meritis
1682 2466 1770 2544 lieet
1792 2472 1863 2541 lna

464 2569 617 2670 paribus
643 2563 771 2645 diuina
795 2565 1038 2668 dispositione
1065 2569 1249 2661 constituti
1273 2564 1321 2642 ad
1345 2587 1394 2641 ea
1410 2575 1538 2643 nostre
1554 2560 1860 2642 considerationis

465 2670 584 2758 aciem
609 2667 767 2746 libenter
792 2671 1038 2746 conuertimuu
1056 2691 1126 2770 per
1148 2688 1220 2768 que
1236 2666 1479 2743 ecclesiamm
1494 2667 1648 2743 onmium
1665 2666 1861 2769 presertim

466 2766 664 2868 insignium
690 2762 967 2845 cathedralium
994 2767 1125 2846 decori
1150 2777 1189 2842 et
1212 2765 1438 2869 amplitudini
1463 2786 1511 2841 ac
1534 2766 1632 2842 bono
1657 2777 1694 2840 et
1718 2765 1863 2842 salubri
2001 2820 2002 2835 ι

470 2868 641 2965 regimini
665 2869 869 2944 consulitur
893 2879 932 2944 et
956 2890 1076 2967 eaque
1100 2875 1299 2968 propterea
1313 2887 1383 2968 per
1395 2865 1694 2967 predecessores
1709 2873 1861 2942 nostros
2001 2932 2002 2935 ι

471 2964 630 3064 pruuide
654 2977 763 3064 gesta
798 2978 836 3042 et
860 2959 1027 3041 ordinata
1060 2987 1150 3040 esse
1182 2977 1386 3044 noscuntur
1418 2975 1456 3042 nt
1486 2977 1667 3070 perpetuo
1700 2964 1860 3042 firmiora

471 3074 707 3167 permaneant
748 3073 874 3140 nostre
911 3063 1200 3165 approbationis¹
1228 3067 1341 3142 robur
1376 3064 1592 3142 adhibemus
1628 3065 1775 3168 aliaque
1805 3059 1858 3142 de
2001 3102 2002 3115 ι

470 3185 567 3240 nouo
593 3159 788 3265 adjicimus
812 3166 982 3267 proutin
1008 3161 1153 3239 dominc
1169 3165 1429 3266 cognoscimus
1449 3165 1650 3242 salubriter
1665 3188 1714 3241 ex
1744 3162 1858 3239 edire.

468 3259 619 3340 Dudum
644 3264 824 3366 siquidem
849 3261 976 3340 felicia
1000 3255 1269 3340 reeordationis
1296 3266 1511 3342 Innocentio
1533 3289 1631 3367 pape
1766 3285 1858 3364 pre-

469 3361 667 3442 decessori
692 3375 818 3440 nostrc
868 3383 910 3438 ro
935 3373 1040 3464 parto
1073 3359 1286 3440 dilemorum
1318 3365 1473 3442 tiliorum
1499 3361 1663 3466 Capituli
1688 3365 1859 3462 August-

470 3464 575 3540 eusis
600 3465 798 3540 Prouincie
859 3465 1032 3562 agoutine
1058 3465 1230 3567 exposito
1255 3463 1352 3564 quod
1377 3467 1414 3540 in
1440 3465 1606 3542 ecclesia
1624 3462 1859 3562 Augusteusi

469 3585 542 3662 que
566 3562 604 3638 iu
627 3564 790 3664 partibus
814 3561 892 3638 illis
918 3564 1108 3662 plurimum
1132 3567 1295 3663 insignis
1318 3575 1399 3640 erat
1422 3577 1460 3641 ot
1483 3564 1642 3641 babebat
1663 3565 1857 3639 maximum

467 3671 507 3736 et
531 3659 732 3738 solemnem
758 3657 909 3740 Clerum
934 3665 1031 3740 inter
1054 3664 1149 3740 alias
1173 3662 1277 3739 illius
1308 3661 1507 3763 dignitates
1539 3673 1618 3740 erat
1642 3663 1857 3742 llecouatus
2001 3752 2002 3755 p

466 3757 557 3834 inibi
582 3751 739 3858 dignitas
765 3786 836 3839 nou
870 3772 989 3839 tamen
1012 3766 1126 3839 maior
1154 3775 1241 3865 post
1259 3762 1514 3842 Pontificalem
1539 3787 1644 3865 quem
1695 3785 1738 3838 ro
1763 3773 1855 3836 tem·

469 3879 564 3957 pore
602 3859 770 3938 obtinens
796 3866 845 3939 „iu
882 3858 1035 3941 Clerum
1072 3859 1246 3940 Ciuitatis
1282 3863 1535 3963 Augustenais
1569 3787 1854 3940 iurisiicllonen

470 3975 651 4034 exercere
688 3959 906 4064 illorumque
948 3983 1137 4040 excessus
1177 3965 1366 4056 corrigere
1398 3959 1606 4066 Capitulum
1645 3981 1855 4041 conuocare

469 4053 771 4162 singulorumque
791 4059 1061 4140 Canonicorum
1085 4071 1173 4139 uota
1195 4064 1233 4137 iu
1258 4063 1402 4138 actibus
1417 4061 1694 4167 Capitularibus
1718 4081 1853 4137 occur-

462 4159 583 4234 remia
607 4161 834 4260 recolligere
859 4171 898 4240 et
922 4165 1073 4261 negotia
1096 4173 1225 4242 statum
1250 4159 1415 4266 Capituli
1448 4173 1486 4241 et
1509 4163 1677 4242 ecclesie
1699 4159 1850 4265 predic-
