<?xml version="1.0" encoding="UTF-8"?>
<!DOCTYPE html PUBLIC "-//W3C//DTD XHTML 1.0 Transitional//EN"
    "http://www.w3.org/TR/xhtml1/DTD/xhtml1-transitional.dtd">
<html xmlns="http://www.w3.org/1999/xhtml" xml:lang="en" lang="en">
 <head>
  <title>
</title>
<meta http-equiv="Content-Type" content="text/html;charset=utf-8" />
  <meta name='ocr-system' content='tesseract 3.04.00' />
  <meta name='ocr-capabilities' content='ocr_page ocr_carea ocr_par ocr_line ocrx_word'/>
</head>
<body>
  <div class='ocr_page' id='page_1' title='image "./monumentaboicae20landgoog_0259.png"; bbox 0 0 4209 5034; ppageno 0'>
   <div class='ocr_carea' id='block_1_1' title="bbox 376 496 1225 589">
    <p class='ocr_par' dir='ltr' id='par_1_1' title="bbox 376 496 1225 589">
     <span class='ocr_line' id='line_1_1' title="bbox 376 496 1225 589; baseline 0.005 -6"><span class='ocrx_word' id='word_1_1' title='bbox 376 498 478 589; x_wconf 73' lang='lat'>252</span> <span class='ocrx_word' id='word_1_2' title='bbox 587 562 591 567; x_wconf 82' lang='lat'><em>-</em></span> <span class='ocrx_word' id='word_1_3' title='bbox 954 496 1225 587; x_wconf 80' lang='grc'><strong>1111111111</strong></span> 
     </span>
    </p>
   </div>
   <div class='ocr_carea' id='block_1_2' title="bbox 267 728 1869 4239">
    <p class='ocr_par' dir='ltr' id='par_1_2' title="bbox 267 728 1869 4239">
     <span class='ocr_line' id='line_1_2' title="bbox 374 728 1768 811; baseline -0.001 0"><span class='ocrx_word' id='word_1_4' title='bbox 374 744 413 811; x_wconf 92' lang='lat' dir='ltr'>et</span> <span class='ocrx_word' id='word_1_5' title='bbox 438 740 602 811; x_wconf 81' lang='lat' dir='ltr'>restrum</span> <span class='ocrx_word' id='word_1_6' title='bbox 627 732 779 811; x_wconf 77' lang='lat' dir='ltr'>cuilibet</span> <span class='ocrx_word' id='word_1_7' title='bbox 813 732 857 809; x_wconf 89' lang='lat' dir='ltr'>lu</span> <span class='ocrx_word' id='word_1_8' title='bbox 892 734 1027 810; x_wconf 80' lang='lat' dir='ltr'>virtute</span> <span class='ocrx_word' id='word_1_9' title='bbox 1059 743 1188 811; x_wconf 74' lang='lat' dir='ltr'>sancte</span> <span class='ocrx_word' id='word_1_10' title='bbox 1222 730 1445 811; x_wconf 75' lang='lat' dir='ltr'>obediencie</span> <span class='ocrx_word' id='word_1_11' title='bbox 1478 740 1517 810; x_wconf 90' lang='lat' dir='ltr'>et</span> <span class='ocrx_word' id='word_1_12' title='bbox 1547 728 1768 809; x_wconf 76' lang='grc'><strong>111111111-</strong></span> 
     </span>
     <span class='ocr_line' id='line_1_3' title="bbox 367 830 1869 937; baseline 0.004 -28"><span class='ocrx_word' id='word_1_13' title='bbox 367 834 518 937; x_wconf 89' lang='lat' dir='ltr'>scriptis</span> <span class='ocrx_word' id='word_1_14' title='bbox 543 835 812 912; x_wconf 84' lang='lat' dir='ltr'>sentencicrum</span> <span class='ocrx_word' id='word_1_15' title='bbox 837 834 945 935; x_wconf 88' lang='lat' dir='ltr'>penis</span> <span class='ocrx_word' id='word_1_16' title='bbox 970 831 1138 911; x_wconf 86' lang='lat' dir='ltr'>districte</span> <span class='ocrx_word' id='word_1_17' title='bbox 1163 832 1408 937; x_wconf 72' lang='lat' dir='ltr'>precipiendo</span> <span class='ocrx_word' id='word_1_18' title='bbox 1434 830 1645 909; x_wconf 75' lang='lat' dir='ltr'>mandemus</span> <span class='ocrx_word' id='word_1_19' title='bbox 1672 856 1763 933; x_wconf 76' lang='lat' dir='ltr'>que-</span> <span class='ocrx_word' id='word_1_20' title='bbox 1858 906 1869 915; x_wconf 86' lang='lat'><em>.</em></span> 
     </span>
     <span class='ocr_line' id='line_1_4' title="bbox 366 931 1765 1035; baseline 0 -26"><span class='ocrx_word' id='word_1_21' title='bbox 366 943 478 1013; x_wconf 87' lang='lat' dir='ltr'>tenus</span> <span class='ocrx_word' id='word_1_22' title='bbox 501 932 605 1011; x_wconf 81' lang='lat' dir='ltr'>lnire</span> <span class='ocrx_word' id='word_1_23' title='bbox 630 956 702 1009; x_wconf 83' lang='lat' dir='ltr'>sex</span> <span class='ocrx_word' id='word_1_24' title='bbox 729 932 814 1010; x_wconf 86' lang='lat' dir='ltr'>dies</span> <span class='ocrx_word' id='word_1_25' title='bbox 839 942 924 1035; x_wconf 81' lang='lat' dir='ltr'>post</span> <span class='ocrx_word' id='word_1_26' title='bbox 947 931 1091 1035; x_wconf 68' lang='lat' dir='ltr'>lapsum</span> <span class='ocrx_word' id='word_1_27' title='bbox 1117 935 1349 1010; x_wconf 88' lang='lat' dir='ltr'>terminorum</span> <span class='ocrx_word' id='word_1_28' title='bbox 1375 944 1413 1013; x_wconf 91' lang='lat' dir='ltr'>et</span> <span class='ocrx_word' id='word_1_29' title='bbox 1438 931 1655 1011; x_wconf 85' lang='lat' dir='ltr'>dilncicnuur</span> <span class='ocrx_word' id='word_1_30' title='bbox 1673 954 1765 1035; x_wconf 89' lang='lat' dir='ltr'>pre·</span> 
     </span>
     <span class='ocr_line' id='line_1_5' title="bbox 369 1031 1767 1137; baseline -0.003 -26"><span class='ocrx_word' id='word_1_31' title='bbox 369 1032 547 1111; x_wconf 78' lang='grc'><strong>(11111111</strong></span> <span class='ocrx_word' id='word_1_32' title='bbox 571 1044 608 1109; x_wconf 83' lang='grc'>11</span> <span class='ocrx_word' id='word_1_33' title='bbox 634 1044 824 1135; x_wconf 81' lang='lat' dir='ltr'>postquem</span> <span class='ocrx_word' id='word_1_34' title='bbox 856 1032 1065 1109; x_wconf 85' lang='lat' dir='ltr'>huiusmodi</span> <span class='ocrx_word' id='word_1_35' title='bbox 1095 1044 1220 1111; x_wconf 87' lang='lat' dir='ltr'>nostre</span> <span class='ocrx_word' id='word_1_36' title='bbox 1238 1031 1350 1111; x_wconf 89' lang='lat' dir='ltr'>litere</span> <span class='ocrx_word' id='word_1_37' title='bbox 1367 1056 1438 1111; x_wconf 89' lang='lat' dir='ltr'>seu</span> <span class='ocrx_word' id='word_1_38' title='bbox 1459 1054 1617 1137; x_wconf 80' lang='lat' dir='ltr'>presens</span> <span class='ocrx_word' id='word_1_39' title='bbox 1636 1044 1767 1108; x_wconf 88' lang='lat' dir='ltr'>nester</span> 
     </span>
     <span class='ocr_line' id='line_1_6' title="bbox 267 1130 1762 1239; baseline -0.004 -26"><span class='ocrx_word' id='word_1_40' title='bbox 267 1218 272 1227; x_wconf 80' lang='lat'><em>,</em></span> <span class='ocrx_word' id='word_1_41' title='bbox 367 1157 571 1239; x_wconf 74' lang='lat' dir='ltr'>processus</span> <span class='ocrx_word' id='word_1_42' title='bbox 605 1134 713 1209; x_wconf 87' lang='lat' dir='ltr'>robis</span> <span class='ocrx_word' id='word_1_43' title='bbox 746 1146 818 1210; x_wconf 70' lang='lat' dir='ltr'>eut»</span> <span class='ocrx_word' id='word_1_44' title='bbox 843 1133 949 1211; x_wconf 81' lang='lat' dir='ltr'>elteri</span> <span class='ocrx_word' id='word_1_45' title='bbox 982 1146 1147 1211; x_wconf 82' lang='lat' dir='ltr'>restrum</span> <span class='ocrx_word' id='word_1_46' title='bbox 1179 1134 1222 1209; x_wconf 92' lang='lat' dir='ltr'>ln</span> <span class='ocrx_word' id='word_1_47' title='bbox 1256 1134 1395 1211; x_wconf 84' lang='lat' dir='ltr'>vestris</span> <span class='ocrx_word' id='word_1_48' title='bbox 1428 1130 1762 1210; x_wconf 76' lang='lat' dir='ltr'>iurisdictionibus</span> 
     </span>
     <span class='ocr_line' id='line_1_7' title="bbox 369 1228 1759 1341; baseline -0.002 -30"><span class='ocrx_word' id='word_1_49' title='bbox 369 1244 409 1311; x_wconf 91' lang='lat' dir='ltr'>et</span> <span class='ocrx_word' id='word_1_50' title='bbox 432 1230 661 1313; x_wconf 74' lang='lat' dir='ltr'>districtibus</span> <span class='ocrx_word' id='word_1_51' title='bbox 685 1232 821 1310; x_wconf 86' lang='lat' dir='ltr'>luerint</span> <span class='ocrx_word' id='word_1_52' title='bbox 852 1234 1040 1341; x_wconf 82' lang='lat' dir='ltr'>publicete</span> <span class='ocrx_word' id='word_1_53' title='bbox 1073 1235 1137 1311; x_wconf 81' lang='lat' dir='ltr'>rel</span> <span class='ocrx_word' id='word_1_54' title='bbox 1172 1231 1285 1309; x_wconf 86' lang='lat' dir='ltr'>luerit</span> <span class='ocrx_word' id='word_1_55' title='bbox 1309 1233 1521 1337; x_wconf 74' lang='lat' dir='ltr'>publicatus</span> <span class='ocrx_word' id='word_1_56' title='bbox 1547 1228 1759 1308; x_wconf 86' lang='lat' dir='ltr'>lmmedinte</span> 
     </span>
     <span class='ocr_line' id='line_1_8' title="bbox 368 1326 1762 1438; baseline -0.003 -28"><span class='ocrx_word' id='word_1_57' title='bbox 368 1344 574 1437; x_wconf 83' lang='lat' dir='ltr'>sequentes</span> <span class='ocrx_word' id='word_1_58' title='bbox 599 1356 749 1435; x_wconf 89' lang='lat' dir='ltr'>quorum</span> <span class='ocrx_word' id='word_1_59' title='bbox 773 1357 846 1409; x_wconf 88' lang='lat' dir='ltr'>sex</span> <span class='ocrx_word' id='word_1_60' title='bbox 872 1330 1012 1411; x_wconf 87' lang='lat' dir='ltr'>dierum</span> <span class='ocrx_word' id='word_1_61' title='bbox 1039 1332 1134 1410; x_wconf 90' lang='lat' dir='ltr'>duos</span> <span class='ocrx_word' id='word_1_62' title='bbox 1158 1356 1226 1436; x_wconf 90' lang='lat' dir='ltr'>pro</span> <span class='ocrx_word' id='word_1_63' title='bbox 1252 1334 1365 1438; x_wconf 88' lang='lat' dir='ltr'>primo</span> <span class='ocrx_word' id='word_1_64' title='bbox 1388 1332 1483 1409; x_wconf 85' lang='grc'><strong>(1111</strong></span> <span class='ocrx_word' id='word_1_65' title='bbox 1502 1354 1570 1435; x_wconf 91' lang='lat' dir='ltr'>pro</span> <span class='ocrx_word' id='word_1_66' title='bbox 1593 1326 1762 1409; x_wconf 89' lang='lat' dir='ltr'>secunde</span> 
     </span>
     <span class='ocr_line' id='line_1_9' title="bbox 370 1430 1762 1537; baseline -0.001 -27"><span class='ocrx_word' id='word_1_67' title='bbox 370 1442 409 1510; x_wconf 90' lang='lat' dir='ltr'>ct</span> <span class='ocrx_word' id='word_1_68' title='bbox 433 1434 597 1535; x_wconf 87' lang='lat' dir='ltr'>reliquos</span> <span class='ocrx_word' id='word_1_69' title='bbox 623 1432 719 1510; x_wconf 84' lang='lat' dir='ltr'>duos</span> <span class='ocrx_word' id='word_1_70' title='bbox 745 1430 828 1511; x_wconf 90' lang='lat' dir='ltr'>dies</span> <span class='ocrx_word' id='word_1_71' title='bbox 864 1434 974 1511; x_wconf 83' lang='lat' dir='ltr'>vobis</span> <span class='ocrx_word' id='word_1_72' title='bbox 1008 1456 1075 1537; x_wconf 88' lang='lat' dir='ltr'>pro</span> <span class='ocrx_word' id='word_1_73' title='bbox 1110 1434 1228 1510; x_wconf 86' lang='lat' dir='ltr'>tercio</span> <span class='ocrx_word' id='word_1_74' title='bbox 1263 1442 1301 1509; x_wconf 91' lang='lat' dir='ltr'>et</span> <span class='ocrx_word' id='word_1_75' title='bbox 1324 1433 1572 1537; x_wconf 89' lang='lat' dir='ltr'>peremptorio</span> <span class='ocrx_word' id='word_1_76' title='bbox 1607 1432 1762 1508; x_wconf 83' lang='lat' dir='ltr'>te‘rmino</span> 
     </span>
     <span class='ocr_line' id='line_1_10' title="bbox 369 1530 1764 1635; baseline -0.004 -23"><span class='ocrx_word' id='word_1_77' title='bbox 369 1558 416 1612; x_wconf 76' lang='lat' dir='ltr'>ec</span> <span class='ocrx_word' id='word_1_78' title='bbox 440 1536 645 1613; x_wconf 87' lang='lat' dir='ltr'>monicione</span> <span class='ocrx_word' id='word_1_79' title='bbox 670 1535 849 1612; x_wconf 80' lang='grc'><strong>11111111</strong></span> <span class='ocrx_word' id='word_1_80' title='bbox 873 1537 1106 1635; x_wconf 76' lang='lat' dir='ltr'>assignemus</span> <span class='ocrx_word' id='word_1_81' title='bbox 1131 1533 1215 1611; x_wconf 88' lang='lat' dir='ltr'>Vos</span> <span class='ocrx_word' id='word_1_82' title='bbox 1242 1555 1368 1611; x_wconf 89' lang='lat' dir='ltr'>omnes</span> <span class='ocrx_word' id='word_1_83' title='bbox 1394 1546 1431 1610; x_wconf 89' lang='lat' dir='ltr'>et</span> <span class='ocrx_word' id='word_1_84' title='bbox 1456 1530 1596 1632; x_wconf 79' lang='lat' dir='ltr'>singuli</span> <span class='ocrx_word' id='word_1_85' title='bbox 1622 1544 1659 1609; x_wconf 90' lang='lat' dir='ltr'>et</span> <span class='ocrx_word' id='word_1_86' title='bbox 1681 1532 1764 1633; x_wconf 90' lang='lat' dir='ltr'>qui-</span> 
     </span>
     <span class='ocr_line' id='line_1_11' title="bbox 371 1629 1764 1736; baseline -0.003 -25"><span class='ocrx_word' id='word_1_87' title='bbox 371 1634 461 1711; x_wconf 91' lang='lat' dir='ltr'>libet</span> <span class='ocrx_word' id='word_1_88' title='bbox 486 1645 651 1712; x_wconf 87' lang='lat' dir='ltr'>vestrum</span> <span class='ocrx_word' id='word_1_89' title='bbox 683 1656 833 1733; x_wconf 89' lang='lat' dir='ltr'>quorum</span> <span class='ocrx_word' id='word_1_90' title='bbox 864 1638 1017 1712; x_wconf 91' lang='lat' dir='ltr'>omnium</span> <span class='ocrx_word' id='word_1_91' title='bbox 1040 1656 1158 1736; x_wconf 88' lang='lat' dir='ltr'>super</span> <span class='ocrx_word' id='word_1_92' title='bbox 1183 1632 1255 1711; x_wconf 81' lang='lat' dir='ltr'>lico</span> <span class='ocrx_word' id='word_1_93' title='bbox 1279 1632 1458 1710; x_wconf 70' lang='lat' dir='ltr'>auxilium</span> <span class='ocrx_word' id='word_1_94' title='bbox 1482 1629 1622 1711; x_wconf 81' lang='lat' dir='ltr'>bracili</span> <span class='ocrx_word' id='word_1_95' title='bbox 1649 1652 1764 1709; x_wconf 87' lang='lat' dir='ltr'>secu-</span> 
     </span>
     <span class='ocr_line' id='line_1_12' title="bbox 367 1728 1761 1837; baseline -0.001 -28"><span class='ocrx_word' id='word_1_96' title='bbox 367 1732 459 1809; x_wconf 86' lang='lat' dir='ltr'>lnris</span> <span class='ocrx_word' id='word_1_97' title='bbox 484 1732 706 1811; x_wconf 82' lang='lat' dir='ltr'>luuoceurus</span> <span class='ocrx_word' id='word_1_98' title='bbox 733 1734 911 1835; x_wconf 84' lang='lat' dir='ltr'>quociens</span> <span class='ocrx_word' id='word_1_99' title='bbox 937 1747 975 1811; x_wconf 90' lang='lat' dir='ltr'>et</span> <span class='ocrx_word' id='word_1_100' title='bbox 999 1730 1145 1833; x_wconf 78' lang='lat' dir='ltr'>qnando</span> <span class='ocrx_word' id='word_1_101' title='bbox 1166 1757 1235 1837; x_wconf 91' lang='lat' dir='ltr'>pro</span> <span class='ocrx_word' id='word_1_102' title='bbox 1254 1744 1360 1837; x_wconf 82' lang='lat' dir='ltr'>perte</span> <span class='ocrx_word' id='word_1_103' title='bbox 1380 1732 1467 1810; x_wconf 88' lang='lat' dir='ltr'>dicti</span> <span class='ocrx_word' id='word_1_104' title='bbox 1484 1728 1619 1808; x_wconf 89' lang='lat' dir='ltr'>domiui</span> <span class='ocrx_word' id='word_1_105' title='bbox 1636 1730 1761 1809; x_wconf 82' lang='lat' dir='ltr'>illecti</span> 
     </span>
     <span class='ocr_line' id='line_1_13' title="bbox 366 1832 1763 2009; baseline -0.001 -100"><span class='ocrx_word' id='word_1_106' title='bbox 366 1836 623 1933; x_wconf 75' lang='lat' dir='ltr'>Angustensis</span> <span class='ocrx_word' id='word_1_107' title='bbox 657 1833 871 1935; x_wconf 86' lang='lat' dir='ltr'>principalis</span> <span class='ocrx_word' id='word_1_108' title='bbox 904 1837 1033 1932; x_wconf 82' lang='lat' dir='ltr'>vigore</span> <span class='ocrx_word' id='word_1_109' title='bbox 1059 1834 1290 2009; x_wconf 69' lang='lat' dir='ltr'>presentium</span> <span class='ocrx_word' id='word_1_110' title='bbox 1323 1832 1471 1910; x_wconf 83' lang='lat' dir='ltr'>fueritis</span> <span class='ocrx_word' id='word_1_111' title='bbox 1498 1832 1664 1933; x_wconf 81' lang='lat' dir='ltr'>requisiti</span> <span class='ocrx_word' id='word_1_112' title='bbox 1691 1853 1763 1908; x_wconf 88' lang='lat' dir='ltr'>seu</span> 
     </span>
     <span class='ocr_line' id='line_1_14' title="bbox 360 1930 1764 2035; baseline 0 -26"><span class='ocrx_word' id='word_1_113' title='bbox 360 1932 463 2024; x_wconf 59' lang='lat' dir='ltr'>‚citer</span> <span class='ocrx_word' id='word_1_114' title='bbox 485 1955 649 2010; x_wconf 84' lang='lat' dir='ltr'>vestrum</span> <span class='ocrx_word' id='word_1_115' title='bbox 681 1933 793 2009; x_wconf 87' lang='lat' dir='ltr'>luerit</span> <span class='ocrx_word' id='word_1_116' title='bbox 826 1934 1024 2033; x_wconf 86' lang='lat' dir='ltr'>requisitus</span> <span class='ocrx_word' id='word_1_117' title='bbox 1081 1932 1242 2010; x_wconf 74' lang='lat' dir='ltr'>elutis</span> <span class='ocrx_word' id='word_1_118' title='bbox 1277 1930 1479 2035; x_wconf 86' lang='lat' dir='ltr'>presidium</span> <span class='ocrx_word' id='word_1_119' title='bbox 1514 1942 1641 2008; x_wconf 81' lang='lat' dir='ltr'>contre</span> <span class='ocrx_word' id='word_1_120' title='bbox 1674 1954 1764 2035; x_wconf 89' lang='lat' dir='ltr'>pre-</span> 
     </span>
     <span class='ocr_line' id='line_1_15' title="bbox 365 2028 1761 2137; baseline -0.001 -28"><span class='ocrx_word' id='word_1_121' title='bbox 365 2031 465 2109; x_wconf 79' lang='lat' dir='ltr'>latos</span> <span class='ocrx_word' id='word_1_122' title='bbox 499 2030 741 2119; x_wconf 82' lang='lat' dir='ltr'>denunciatos</span> <span class='ocrx_word' id='word_1_123' title='bbox 775 2045 1001 2132; x_wconf 80' lang='lat' dir='ltr'>eggrauetos</span> <span class='ocrx_word' id='word_1_124' title='bbox 1034 2046 1072 2109; x_wconf 91' lang='lat' dir='ltr'>et</span> <span class='ocrx_word' id='word_1_125' title='bbox 1107 2047 1373 2137; x_wconf 78' lang='lat' dir='ltr'>resggreuntcs</span> <span class='ocrx_word' id='word_1_126' title='bbox 1407 2028 1507 2109; x_wconf 81' lang='lat' dir='ltr'>dicte</span> <span class='ocrx_word' id='word_1_127' title='bbox 1540 2036 1761 2109; x_wconf 76' lang='lat' dir='ltr'>auctoritate</span> 
     </span>
     <span class='ocr_line' id='line_1_16' title="bbox 368 2128 1766 2235; baseline 0 -26"><span class='ocrx_word' id='word_1_128' title='bbox 368 2132 574 2233; x_wconf 78' lang='lat' dir='ltr'>apostolice</span> <span class='ocrx_word' id='word_1_129' title='bbox 603 2155 672 2235; x_wconf 87' lang='lat' dir='ltr'>per</span> <span class='ocrx_word' id='word_1_130' title='bbox 705 2136 917 2234; x_wconf 76' lang='lat' dir='ltr'>capcionem</span> <span class='ocrx_word' id='word_1_131' title='bbox 957 2132 1192 2211; x_wconf 83' lang='lat' dir='ltr'>lnuesioncm</span> <span class='ocrx_word' id='word_1_132' title='bbox 1227 2133 1570 2211; x_wconf 84' lang='lat' dir='ltr'>lncnrcerecionem</span> <span class='ocrx_word' id='word_1_133' title='bbox 1615 2144 1653 2208; x_wconf 91' lang='lat' dir='ltr'>et</span> <span class='ocrx_word' id='word_1_134' title='bbox 1694 2128 1766 2209; x_wconf 90' lang='lat' dir='ltr'>de-</span> 
     </span>
     <span class='ocr_line' id='line_1_17' title="bbox 370 2233 1764 2337; baseline -0.001 -28"><span class='ocrx_word' id='word_1_135' title='bbox 370 2233 579 2310; x_wconf 88' lang='lat' dir='ltr'>tenciouem</span> <span class='ocrx_word' id='word_1_136' title='bbox 604 2254 842 2336; x_wconf 78' lang='lat' dir='ltr'>personarum</span> <span class='ocrx_word' id='word_1_137' title='bbox 874 2256 1069 2335; x_wconf 85' lang='lat' dir='ltr'>corporum</span> <span class='ocrx_word' id='word_1_138' title='bbox 1103 2244 1140 2309; x_wconf 91' lang='lat' dir='ltr'>et</span> <span class='ocrx_word' id='word_1_139' title='bbox 1155 2256 1285 2329; x_wconf 85' lang='lat' dir='ltr'>rerum</span> <span class='ocrx_word' id='word_1_140' title='bbox 1309 2238 1470 2337; x_wconf 79' lang='lat' dir='ltr'>ipserum</span> <span class='ocrx_word' id='word_1_141' title='bbox 1495 2233 1697 2332; x_wconf 76' lang='lat' dir='ltr'>insurgetis</span> <span class='ocrx_word' id='word_1_142' title='bbox 1725 2240 1764 2308; x_wconf 86' lang='lat' dir='ltr'>et</span> 
     </span>
     <span class='ocr_line' id='line_1_18' title="bbox 370 2330 1763 2439; baseline 0 -32"><span class='ocrx_word' id='word_1_143' title='bbox 370 2332 468 2410; x_wconf 85' lang='lat' dir='ltr'>elios</span> <span class='ocrx_word' id='word_1_144' title='bbox 489 2332 697 2433; x_wconf 75' lang='lat' dir='ltr'>insurgere</span> <span class='ocrx_word' id='word_1_145' title='bbox 722 2330 869 2410; x_wconf 79' lang='lat' dir='ltr'>fecistis</span> <span class='ocrx_word' id='word_1_146' title='bbox 896 2355 1038 2410; x_wconf 89' lang='lat' dir='ltr'>necnon</span> <span class='ocrx_word' id='word_1_147' title='bbox 1064 2354 1246 2436; x_wconf 84' lang='lat' dir='ltr'>personne</span> <span class='ocrx_word' id='word_1_148' title='bbox 1272 2356 1431 2439; x_wconf 82' lang='lat' dir='ltr'>corporo</span> <span class='ocrx_word' id='word_1_149' title='bbox 1453 2344 1491 2410; x_wconf 91' lang='lat' dir='ltr'>et</span> <span class='ocrx_word' id='word_1_150' title='bbox 1513 2356 1576 2409; x_wconf 89' lang='lat' dir='ltr'>res</span> <span class='ocrx_word' id='word_1_151' title='bbox 1598 2355 1643 2409; x_wconf 85' lang='lat' dir='ltr'>ec</span> <span class='ocrx_word' id='word_1_152' title='bbox 1664 2332 1763 2409; x_wconf 77' lang='lat' dir='ltr'>boun</span> 
     </span>
     <span class='ocr_line' id='line_1_19' title="bbox 366 2430 1762 2535; baseline -0.001 -26"><span class='ocrx_word' id='word_1_153' title='bbox 366 2455 495 2509; x_wconf 89' lang='lat' dir='ltr'>corum</span> <span class='ocrx_word' id='word_1_154' title='bbox 519 2434 674 2535; x_wconf 83' lang='lat' dir='ltr'>cepistis</span> <span class='ocrx_word' id='word_1_155' title='bbox 706 2430 897 2511; x_wconf 82' lang='lat' dir='ltr'>lnusdntis</span> <span class='ocrx_word' id='word_1_156' title='bbox 929 2436 1173 2512; x_wconf 80' lang='lat' dir='ltr'>incarceretis</span> <span class='ocrx_word' id='word_1_157' title='bbox 1206 2436 1399 2513; x_wconf 79' lang='lat' dir='ltr'>arrestetis</span> <span class='ocrx_word' id='word_1_158' title='bbox 1436 2444 1475 2511; x_wconf 90' lang='lat' dir='ltr'>et</span> <span class='ocrx_word' id='word_1_159' title='bbox 1514 2432 1557 2508; x_wconf 89' lang='lat' dir='ltr'>ln</span> <span class='ocrx_word' id='word_1_160' title='bbox 1592 2430 1762 2508; x_wconf 84' lang='lat' dir='ltr'>custodie</span> 
     </span>
     <span class='ocr_line' id='line_1_20' title="bbox 367 2526 1766 2638; baseline -0.001 -29"><span class='ocrx_word' id='word_1_161' title='bbox 367 2526 565 2611; x_wconf 82' lang='lat' dir='ltr'>detinentis</span> <span class='ocrx_word' id='word_1_162' title='bbox 603 2544 640 2610; x_wconf 90' lang='lat' dir='ltr'>et</span> <span class='ocrx_word' id='word_1_163' title='bbox 672 2534 866 2637; x_wconf 88' lang='lat' dir='ltr'>occupetis</span> <span class='ocrx_word' id='word_1_164' title='bbox 898 2533 1085 2637; x_wconf 85' lang='lat' dir='ltr'>Ipsosque</span> <span class='ocrx_word' id='word_1_165' title='bbox 1121 2532 1229 2612; x_wconf 76' lang='lat' dir='ltr'>mddo</span> <span class='ocrx_word' id='word_1_166' title='bbox 1262 2536 1444 2638; x_wconf 82' lang='lat' dir='ltr'>premisse</span> <span class='ocrx_word' id='word_1_167' title='bbox 1468 2530 1696 2634; x_wconf 81' lang='lat' dir='ltr'>compelletis</span> <span class='ocrx_word' id='word_1_168' title='bbox 1723 2539 1766 2608; x_wconf 84' lang='lat' dir='ltr'>et</span> 
     </span>
     <span class='ocr_line' id='line_1_21' title="bbox 368 2632 1764 2737; baseline 0 -30"><span class='ocrx_word' id='word_1_169' title='bbox 368 2633 492 2731; x_wconf 65' lang='grc' dir='ltr'>111111ο</span> <span class='ocrx_word' id='word_1_170' title='bbox 513 2634 583 2709; x_wconf 85' lang='lat' dir='ltr'>stis</span> <span class='ocrx_word' id='word_1_171' title='bbox 607 2646 777 2737; x_wconf 88' lang='lat' dir='ltr'>potenter</span> <span class='ocrx_word' id='word_1_172' title='bbox 803 2642 841 2709; x_wconf 91' lang='lat' dir='ltr'>et</span> <span class='ocrx_word' id='word_1_173' title='bbox 867 2635 975 2711; x_wconf 81' lang='lat' dir='ltr'>etiem</span> <span class='ocrx_word' id='word_1_174' title='bbox 1000 2633 1215 2712; x_wconf 81' lang='lat' dir='ltr'>manuforti</span> <span class='ocrx_word' id='word_1_175' title='bbox 1268 2647 1311 2713; x_wconf 86' lang='lat' dir='ltr'>et·</span> <span class='ocrx_word' id='word_1_176' title='bbox 1335 2634 1420 2713; x_wconf 83' lang='lat' dir='ltr'>Vos</span> <span class='ocrx_word' id='word_1_177' title='bbox 1451 2634 1518 2711; x_wconf 86' lang='lat' dir='ltr'>rel</span> <span class='ocrx_word' id='word_1_178' title='bbox 1550 2632 1661 2711; x_wconf 80' lang='lat' dir='ltr'>elium</span> <span class='ocrx_word' id='word_1_179' title='bbox 1688 2654 1764 2708; x_wconf 89' lang='lat' dir='ltr'>seu</span> 
     </span>
     <span class='ocr_line' id='line_1_22' title="bbox 367 2656 1764 2838; baseline 0.001 -33"><span class='ocrx_word' id='word_1_180' title='bbox 367 2732 464 2806; x_wconf 83' lang='lat' dir='ltr'>elios</span> <span class='ocrx_word' id='word_1_181' title='bbox 485 2656 608 2809; x_wconf 61' lang='lat' dir='ltr'>bbere</span> <span class='ocrx_word' id='word_1_182' title='bbox 635 2745 671 2808; x_wconf 91' lang='lat' dir='ltr'>et</span> <span class='ocrx_word' id='word_1_183' title='bbox 696 2733 795 2811; x_wconf 88' lang='lat' dir='ltr'>licite</span> <span class='ocrx_word' id='word_1_184' title='bbox 820 2732 949 2836; x_wconf 83' lang='lat' dir='ltr'>Super</span> <span class='ocrx_word' id='word_1_185' title='bbox 983 2736 1117 2835; x_wconf 86' lang='lat' dir='ltr'>quibus</span> <span class='ocrx_word' id='word_1_186' title='bbox 1151 2662 1317 2838; x_wconf 79' lang='lat' dir='ltr'>omnibus</span> <span class='ocrx_word' id='word_1_187' title='bbox 1350 2736 1459 2813; x_wconf 85' lang='lat' dir='ltr'>vobis</span> <span class='ocrx_word' id='word_1_188' title='bbox 1496 2733 1684 2809; x_wconf 84' lang='lat' dir='ltr'>vuluersis</span> <span class='ocrx_word' id='word_1_189' title='bbox 1722 2741 1764 2807; x_wconf 90' lang='lat' dir='ltr'>et</span> 
     </span>
     <span class='ocr_line' id='line_1_23' title="bbox 368 2826 1797 3012; baseline 0.004 -10"><span class='ocrx_word' id='word_1_190' title='bbox 368 2826 1045 3010; x_wconf 68' lang='lat' dir='ltr'>tttrtttl⁰⁰tt¹²ttttlt⁰tt²s</span> <span class='ocrx_word' id='word_1_191' title='bbox 1066 2828 1762 3012; x_wconf 59' lang='lat' dir='ltr'>tttttt‘tt‘tlttntttl‘tt</span> <span class='ocrx_word' id='word_1_192' title='bbox 1794 2846 1797 2849; x_wconf 67' lang='grc'><strong>’</strong></span> 
     </span>
     <span class='ocr_line' id='line_1_24' title="bbox 369 2954 1833 3137; baseline 0.003 -35"><span class='ocrx_word' id='word_1_193' title='bbox 369 3028 466 3103; x_wconf 76' lang='lat' dir='ltr'>trium</span> <span class='ocrx_word' id='word_1_194' title='bbox 492 3039 531 3103; x_wconf 91' lang='lat' dir='ltr'>et</span> <span class='ocrx_word' id='word_1_195' title='bbox 552 2954 780 3131; x_wconf 60' lang='lat' dir='ltr'>sidgulolum</span> <span class='ocrx_word' id='word_1_196' title='bbox 805 2958 1068 3134; x_wconf 71' lang='lat' dir='ltr'>premisstlrum</span> <span class='ocrx_word' id='word_1_197' title='bbox 1101 3056 1147 3110; x_wconf 85' lang='lat' dir='ltr'>ec</span> <span class='ocrx_word' id='word_1_198' title='bbox 1181 2958 1302 3112; x_wconf 72' lang='lat' dir='ltr'>dedeo</span> <span class='ocrx_word' id='word_1_199' title='bbox 1319 3028 1373 3111; x_wconf 86' lang='lat' dir='ltr'>¹et</span> <span class='ocrx_word' id='word_1_200' title='bbox 1407 3056 1598 3137; x_wconf 84' lang='lat' dir='ltr'>quousque</span> <span class='ocrx_word' id='word_1_201' title='bbox 1623 3030 1760 3134; x_wconf 79' lang='lat' dir='ltr'>prelati</span> <span class='ocrx_word' id='word_1_202' title='bbox 1824 3056 1833 3073; x_wconf 54' lang='lat'>⁸</span> 
     </span>
     <span class='ocr_line' id='line_1_25' title="bbox 370 3124 1757 3239; baseline 0.003 -36"><span class='ocrx_word' id='word_1_203' title='bbox 370 3124 585 3205; x_wconf 85' lang='lat' dir='ltr'>denuncieti</span> <span class='ocrx_word' id='word_1_204' title='bbox 606 3133 795 3228; x_wconf 75' lang='lat' dir='ltr'>sggrnueti</span> <span class='ocrx_word' id='word_1_205' title='bbox 821 3143 859 3209; x_wconf 86' lang='lat' dir='ltr'>et</span> <span class='ocrx_word' id='word_1_206' title='bbox 884 3138 1120 3235; x_wconf 82' lang='lat' dir='ltr'>reeggreunti</span> <span class='ocrx_word' id='word_1_207' title='bbox 1144 3160 1167 3210; x_wconf 83' lang='lat' dir='ltr'>a</span> <span class='ocrx_word' id='word_1_208' title='bbox 1192 3134 1370 3239; x_wconf 84' lang='lat' dir='ltr'>predictis</span> <span class='ocrx_word' id='word_1_209' title='bbox 1397 3132 1665 3213; x_wconf 84' lang='lat' dir='ltr'>rebellionibus</span> <span class='ocrx_word' id='word_1_210' title='bbox 1686 3130 1757 3207; x_wconf 90' lang='grc'><strong>(11-</strong></span> 
     </span>
     <span class='ocr_line' id='line_1_26' title="bbox 367 3228 1761 3335; baseline 0.001 -32"><span class='ocrx_word' id='word_1_211' title='bbox 367 3228 526 3306; x_wconf 86' lang='lat' dir='ltr'>stiterint</span> <span class='ocrx_word' id='word_1_212' title='bbox 558 3252 604 3307; x_wconf 80' lang='lat' dir='ltr'>uc</span> <span class='ocrx_word' id='word_1_213' title='bbox 636 3230 817 3333; x_wconf 78' lang='lat' dir='ltr'>prelibeto</span> <span class='ocrx_word' id='word_1_214' title='bbox 854 3230 998 3311; x_wconf 89' lang='lat' dir='ltr'>dominc</span> <span class='ocrx_word' id='word_1_215' title='bbox 1037 3234 1271 3335; x_wconf 81' lang='lat' dir='ltr'>Augustensi</span> <span class='ocrx_word' id='word_1_216' title='bbox 1310 3234 1447 3311; x_wconf 81' lang='lat' dir='ltr'>illecto</span> <span class='ocrx_word' id='word_1_217' title='bbox 1481 3229 1530 3311; x_wconf 90' lang='grc'>(11</span> <span class='ocrx_word' id='word_1_218' title='bbox 1564 3232 1761 3335; x_wconf 87' lang='lat' dir='ltr'>premissis</span> 
     </span>
     <span class='ocr_line' id='line_1_27' title="bbox 371 3330 1760 3438; baseline 0.002 -35"><span class='ocrx_word' id='word_1_219' title='bbox 371 3330 538 3407; x_wconf 85' lang='lat' dir='ltr'>omnibus</span> <span class='ocrx_word' id='word_1_220' title='bbox 565 3340 603 3407; x_wconf 91' lang='lat' dir='ltr'>et</span> <span class='ocrx_word' id='word_1_221' title='bbox 628 3330 784 3428; x_wconf 76' lang='lat' dir='ltr'>singulte</span> <span class='ocrx_word' id='word_1_222' title='bbox 812 3330 969 3411; x_wconf 84' lang='lat' dir='ltr'>debitam</span> <span class='ocrx_word' id='word_1_223' title='bbox 1002 3345 1039 3410; x_wconf 93' lang='lat' dir='ltr'>et</span> <span class='ocrx_word' id='word_1_224' title='bbox 1072 3334 1274 3438; x_wconf 79' lang='lat' dir='ltr'>plenariam</span> <span class='ocrx_word' id='word_1_225' title='bbox 1307 3334 1594 3413; x_wconf 85' lang='lat' dir='ltr'>setislectionem</span> <span class='ocrx_word' id='word_1_226' title='bbox 1618 3334 1760 3433; x_wconf 88' lang='lat' dir='ltr'>impen-</span> 
     </span>
     <span class='ocr_line' id='line_1_28' title="bbox 369 3424 1762 3537; baseline 0.002 -34"><span class='ocrx_word' id='word_1_227' title='bbox 369 3425 491 3506; x_wconf 90' lang='lat' dir='ltr'>derint</span> <span class='ocrx_word' id='word_1_228' title='bbox 515 3436 554 3506; x_wconf 88' lang='lat' dir='ltr'>et</span> <span class='ocrx_word' id='word_1_229' title='bbox 579 3424 629 3507; x_wconf 87' lang='lat' dir='ltr'>sd</span> <span class='ocrx_word' id='word_1_230' title='bbox 652 3442 782 3508; x_wconf 79' lang='lat' dir='ltr'>sancte</span> <span class='ocrx_word' id='word_1_231' title='bbox 807 3434 931 3508; x_wconf 76' lang='lat' dir='ltr'>matris</span> <span class='ocrx_word' id='word_1_232' title='bbox 956 3434 1124 3524; x_wconf 84' lang='lat' dir='ltr'>ecclesie</span> <span class='ocrx_word' id='word_1_233' title='bbox 1150 3438 1326 3537; x_wconf 83' lang='lat' dir='ltr'>gremium</span> <span class='ocrx_word' id='word_1_234' title='bbox 1352 3430 1539 3527; x_wconf 86' lang='lat' dir='ltr'>redierint,</span> <span class='ocrx_word' id='word_1_235' title='bbox 1568 3430 1762 3510; x_wconf 84' lang='lat' dir='ltr'>ebseluci·</span> 
     </span>
     <span class='ocr_line' id='line_1_29' title="bbox 369 3527 1764 3635; baseline 0 -30"><span class='ocrx_word' id='word_1_236' title='bbox 369 3527 452 3605; x_wconf 89' lang='lat' dir='ltr'>onis</span> <span class='ocrx_word' id='word_1_237' title='bbox 477 3550 526 3605; x_wconf 88' lang='lat' dir='ltr'>ue</span> <span class='ocrx_word' id='word_1_238' title='bbox 551 3529 769 3609; x_wconf 84' lang='lat' dir='ltr'>beneficium</span> <span class='ocrx_word' id='word_1_239' title='bbox 793 3555 818 3609; x_wconf 85' lang='grc'>1</span> <span class='ocrx_word' id='word_1_240' title='bbox 842 3531 998 3635; x_wconf 80' lang='lat' dir='ltr'>prelstts</span> <span class='ocrx_word' id='word_1_241' title='bbox 1023 3538 1228 3615; x_wconf 88' lang='lat' dir='ltr'>sentenciis</span> <span class='ocrx_word' id='word_1_242' title='bbox 1254 3536 1451 3613; x_wconf 86' lang='lat' dir='ltr'>meruerint</span> <span class='ocrx_word' id='word_1_243' title='bbox 1474 3532 1661 3615; x_wconf 83' lang='lat' dir='ltr'>obtinere,</span> <span class='ocrx_word' id='word_1_244' title='bbox 1696 3540 1764 3607; x_wconf 83' lang='lat' dir='ltr'>eut</span> 
     </span>
     <span class='ocr_line' id='line_1_30' title="bbox 369 3552 1761 3733; baseline 0.001 -29"><span class='ocrx_word' id='word_1_245' title='bbox 369 3552 477 3704; x_wconf 76' lang='lat' dir='ltr'>eliud</span> <span class='ocrx_word' id='word_1_246' title='bbox 504 3652 528 3705; x_wconf 81' lang='lat' dir='ltr'>e</span> <span class='ocrx_word' id='word_1_247' title='bbox 560 3632 667 3733; x_wconf 88' lang='lat' dir='ltr'>nobis</span> <span class='ocrx_word' id='word_1_248' title='bbox 699 3631 764 3708; x_wconf 85' lang='lat' dir='ltr'>rel</span> <span class='ocrx_word' id='word_1_249' title='bbox 796 3656 843 3708; x_wconf 88' lang='lat' dir='ltr'>su</span> <span class='ocrx_word' id='word_1_250' title='bbox 869 3634 982 3711; x_wconf 89' lang='lat' dir='ltr'>eriori</span> <span class='ocrx_word' id='word_1_251' title='bbox 1015 3648 1143 3714; x_wconf 88' lang='lat' dir='ltr'>nostro</span> <span class='ocrx_word' id='word_1_252' title='bbox 1169 3635 1264 3713; x_wconf 87' lang='lat' dir='ltr'>desu</span> <span class='ocrx_word' id='word_1_253' title='bbox 1293 3657 1336 3711; x_wconf 91' lang='lat' dir='ltr'>er</span> <span class='ocrx_word' id='word_1_254' title='bbox 1362 3634 1562 3711; x_wconf 79' lang='lat' dir='ltr'>habueritis</span> <span class='ocrx_word' id='word_1_255' title='bbox 1587 3630 1631 3709; x_wconf 92' lang='lat' dir='ltr'>ln</span> <span class='ocrx_word' id='word_1_256' title='bbox 1656 3652 1761 3707; x_wconf 82' lang='lat' dir='ltr'>meu·</span> 
     </span>
     <span class='ocr_line' id='line_1_31' title="bbox 349 3662 1762 3845; baseline 0.006 -46"><span class='ocrx_word' id='word_1_257' title='bbox 349 3724 476 3845; x_wconf 73' lang='lat' dir='ltr'>dctis</span> <span class='ocrx_word' id='word_1_258' title='bbox 528 3723 739 3809; x_wconf 86' lang='lat' dir='ltr'>inhibemus</span> <span class='ocrx_word' id='word_1_259' title='bbox 763 3728 840 3807; x_wconf 86' lang='lat' dir='ltr'>nihl</span> <span class='ocrx_word' id='word_1_260' title='bbox 855 3734 997 3811; x_wconf 87' lang='lat' dir='ltr'>ominus</span> <span class='ocrx_word' id='word_1_261' title='bbox 1031 3738 1139 3815; x_wconf 82' lang='lat' dir='ltr'>robis</span> <span class='ocrx_word' id='word_1_262' title='bbox 1171 3662 1336 3815; x_wconf 83' lang='lat' dir='ltr'>omullus</span> <span class='ocrx_word' id='word_1_263' title='bbox 1375 3748 1413 3812; x_wconf 90' lang='lat' dir='ltr'>et</span> <span class='ocrx_word' id='word_1_264' title='bbox 1437 3730 1597 3833; x_wconf 83' lang='lat' dir='ltr'>singulis</span> <span class='ocrx_word' id='word_1_265' title='bbox 1624 3754 1762 3834; x_wconf 85' lang='lat' dir='ltr'>suprs-</span> 
     </span>
     <span class='ocr_line' id='line_1_32' title="bbox 371 3822 1759 3937; baseline 0.004 -36"><span class='ocrx_word' id='word_1_266' title='bbox 371 3822 482 3903; x_wconf 84' lang='lat' dir='ltr'>drcbs</span> <span class='ocrx_word' id='word_1_267' title='bbox 505 3836 576 3903; x_wconf 81' lang='lat' dir='ltr'>tom</span> <span class='ocrx_word' id='word_1_268' title='bbox 599 3830 874 3911; x_wconf 78' lang='lat' dir='ltr'>ecclesiasticis</span> <span class='ocrx_word' id='word_1_269' title='bbox 899 3858 1004 3935; x_wconf 82' lang='lat' dir='ltr'>quem</span> <span class='ocrx_word' id='word_1_270' title='bbox 1037 3836 1273 3915; x_wconf 82' lang='lat' dir='ltr'>secularibus</span> <span class='ocrx_word' id='word_1_271' title='bbox 1305 3835 1479 3937; x_wconf 88' lang='lat' dir='ltr'>personis</span> <span class='ocrx_word' id='word_1_272' title='bbox 1507 3835 1759 3933; x_wconf 80' lang='lat' dir='ltr'>cuiuscunque</span> 
     </span>
     <span class='ocr_line' id='line_1_33' title="bbox 368 3927 1760 4040; baseline 0.004 -39"><span class='ocrx_word' id='word_1_273' title='bbox 368 3932 488 4001; x_wconf 80' lang='lat' dir='ltr'>status</span> <span class='ocrx_word' id='word_1_274' title='bbox 511 3927 654 4027; x_wconf 73' lang='lat' dir='ltr'>gradus</span> <span class='ocrx_word' id='word_1_275' title='bbox 681 3930 822 4009; x_wconf 88' lang='lat' dir='ltr'>ordinis</span> <span class='ocrx_word' id='word_1_276' title='bbox 848 3933 1076 4015; x_wconf 83' lang='lat' dir='ltr'>condicionis</span> <span class='ocrx_word' id='word_1_277' title='bbox 1103 3948 1164 4015; x_wconf 83' lang='lat' dir='ltr'>aut</span> <span class='ocrx_word' id='word_1_278' title='bbox 1189 3935 1461 4040; x_wconf 89' lang='lat' dir='ltr'>preeminencie</span> <span class='ocrx_word' id='word_1_279' title='bbox 1484 3933 1682 4023; x_wconf 82' lang='lat' dir='ltr'>extiterint,</span> <span class='ocrx_word' id='word_1_280' title='bbox 1709 3950 1760 4006; x_wconf 86' lang='lat' dir='ltr'>ne</span> 
     </span>
     <span class='ocr_line' id='line_1_34' title="bbox 367 4029 1760 4141; baseline 0.003 -42"><span class='ocrx_word' id='word_1_281' title='bbox 367 4029 617 4127; x_wconf 79' lang='lat' dir='ltr'>prenominato</span> <span class='ocrx_word' id='word_1_282' title='bbox 642 4030 798 4110; x_wconf 80' lang='lat' dir='ltr'>‘domino</span> <span class='ocrx_word' id='word_1_283' title='bbox 841 4030 977 4113; x_wconf 68' lang='lat' dir='ltr'>dilecto</span> <span class='ocrx_word' id='word_1_284' title='bbox 1017 4048 1079 4113; x_wconf 83' lang='lat' dir='ltr'>sut</span> <span class='ocrx_word' id='word_1_285' title='bbox 1113 4037 1342 4141; x_wconf 80' lang='lat' dir='ltr'>procuratori</span> <span class='ocrx_word' id='word_1_286' title='bbox 1363 4050 1454 4111; x_wconf 84' lang='lat' dir='ltr'>‘suo</span> <span class='ocrx_word' id='word_1_287' title='bbox 1493 4036 1575 4111; x_wconf 86' lang='lat' dir='ltr'>eius</span> <span class='ocrx_word' id='word_1_288' title='bbox 1612 4032 1760 4107; x_wconf 87' lang='lat' dir='ltr'>nomine</span> 
     </span>
     <span class='ocr_line' id='line_1_35' title="bbox 370 4128 1757 4239; baseline 0.004 -37"><span class='ocrx_word' id='word_1_289' title='bbox 370 4128 559 4226; x_wconf 88' lang='lat' dir='ltr'>quominus</span> <span class='ocrx_word' id='word_1_290' title='bbox 594 4152 754 4234; x_wconf 83' lang='lat' dir='ltr'>presens</span> <span class='ocrx_word' id='word_1_291' title='bbox 791 4144 917 4212; x_wconf 89' lang='lat' dir='ltr'>noster</span> <span class='ocrx_word' id='word_1_292' title='bbox 951 4158 1155 4239; x_wconf 84' lang='lat' dir='ltr'>processus</span> <span class='ocrx_word' id='word_1_293' title='bbox 1189 4146 1227 4213; x_wconf 88' lang='lat' dir='ltr'>et</span> <span class='ocrx_word' id='word_1_294' title='bbox 1264 4138 1301 4213; x_wconf 93' lang='lat' dir='ltr'>in</span> <span class='ocrx_word' id='word_1_295' title='bbox 1336 4158 1392 4213; x_wconf 91' lang='lat' dir='ltr'>en·</span> <span class='ocrx_word' id='word_1_296' title='bbox 1419 4138 1592 4213; x_wconf 74' lang='lat' dir='ltr'>contente</span> <span class='ocrx_word' id='word_1_297' title='bbox 1629 4129 1757 4207; x_wconf 87' lang='lat' dir='ltr'>debite</span> 
     </span>
    </p>
   </div>
   <div class='ocr_carea' id='block_1_3' title="bbox 0 0 2110 5034">
    <p class='ocr_par' dir='ltr' id='par_1_3' title="bbox 0 0 2110 5034">
     <span class='ocr_line' id='line_1_36' title="bbox 0 0 2110 5034; baseline 0 0"><span class='ocrx_word' id='word_1_298' title='bbox 0 0 2110 5034; x_wconf 95' lang='lat' dir='ltr'> </span> 
     </span>
    </p>
   </div>
  </div>
 </body>
</html>
