4209 5034
196 520 198 528 ’
466 541 571 633 338
694 545 710 562 ’
1034 514 1306 626 Monuneote

435 799 638 974 thir
653 766 1871 978 tinniit0ttttt‘ttttui‘ttutttthtittd:.

465 989 504 1056 et
529 973 683 1054 obedire
736 978 888 1053 ebereut
914 985 951 1052 et
976 974 1024 1052 de
1048 973 1215 1075 singuiis
1233 975 1338 1075 prins
1357 972 1605 1071 undecunque
1629 975 1870 1072 prouenian-⁴

463 1079 659 1155 tihnsuna
677 1077 880 1180 ‚Proposito
905 1077 978 1152 alia
1010 1099 1103 1152 nero
1128 1071 1259 1150 medie·
1282 1083 1408 1176 portes
1432 1071 1590 1148 Deeano
1614 1082 1653 1151 et
1678 1069 1859 1175 Oapitnlo·

463 1175 643 1282 predictis
669 1175 849 1254 cederent
880 1180 890 1253 i
919 1179 953 1252 si
989 1187 1109 1252 tameo
1135 1165 1352 1277 Capitulum·
1370 1192 1485 1276 super
1509 1173 1587 1247 ittis
1612 1171 1874 1273 conponendi»

395 1323 401 1337 ·
465 1289 512 1357 et·
529 1280 612 1354 tttas
645 1277 859 1353 remittendi·
889 1201 1105 1353 ddcultuteut·
1125 1274 1522 1372 natantemque
1549 1272 1716 1348 tanao
1743 1271 1854 1355 Men·

465 1390 658 1458 suratorcs
684 1389 721 1452 et
745 1377 845 1454 iliius
870 1399 1063 1455 saccorum
1083 1378 1279 1479 portitores
1304 1374 1571 1476 ipsiDeeuuus
1586 1385 1635 1448 -et
1646 1369 1862 1473 Capitulum·

369 1547 373 1563 .
464 1479 632 1582 predicto
648 1476 849 1578 Proposito
872 1489 1096 1580 presentare
1113 1479 1280 1578 ipseque·
1294 1477 1515 1576 Propositus
1539 1470 1598 1549 sio
1621 1483 1863 1576 presentatus

467 1581 646 1683 deputare
674 1588 711 1653 et
735 1601 877 1681 ponere
901 1577 1163 1678 conponere
1198 1589 1235 1652 et
1269 1593 1442 1652 amouere
1469 1573 1624 1653 deberet
1649 1573 1706 1648 lta
1738 1586 1855 1648 unco

396 1676 404 1688 ’
466 1677 565 1782 quod
588 1677 637 1755 ad
662 1679 673 1752 i
702 1702 824 1754 surum
849 1678 996 1756 Decani
1022 1688 1062 1752 et
1086 1673 1248 1779 Oapituti
1280 1676 1553 1778 requisitionem
1570 1693 1658 1750 ees
1683 1693 1865 1749 annuero:

466 1793 505 1857 et
528 1781 624 1854 alios
656 1698 836 1880 (deputare
870 1786 1060 1857 teneretur
1084 1777 1168 1868 ouo
1200 1772 1249 1851 od
1265 1789 1298 1851 ¹e
1324 1785 1483 1852 nemen
1517 1790 1610 1849 uero
1625 1802 1630 1818 ·
1644 1772 1857 1851 familiarem

466 1876 620 1956 Minder
635 1880 1012 1956 Vberreitternuncu
1077 1896 1143 1950 nn·
1160 1875 1303 1956 atr-Fen
1361 1871 1647 1953 cauurtorttun
1663 1867 1874 1951 curiarum·

313 2069 318 2074 ¹
465 1992 608 2054 necnon
629 1977 744 2052 lluos
777 1999 895 2077 equos
927 1986 966 2052 et
1024 1991 1115 2050 nura
1148 1973 1343 2054 scolarem
1361 1976 1413 2049 'ic
1441 1971 1604 2051 Giohate
1626 1975 1858 2072 Augusteust

466 2077 571 2154 dicte
580 2076 785 2153 Prouincie'
808 2098 878 2177 per
904 2065 1039 2152 dictant
1054 2075 1289 2177 Propositum
1314 2076 1433 2151 teneri
1453 2074 1588 2150 solitos
1605 2076 1857 2176 aatiquacor-

423 2225 425 2230 .
465 2173 631 2255 suetudo
651 2178 916 2254 obseruaretor
929 2175 1090 2256 Necnon
1115 2173 1388 2252 intentationes
1408 2195 1483 2251 seo
1498 2174 1681 2250 locatione
1706 2197 1778 2251 serr
1800 2175 1859 2249 itt-

464 2271 680 2354 ie'odatihne
714 2287 752 2353 et
788 2275 1009 2354 redditibus
1027 2275 1076 2354 ad
1109 2277 1343 2378 Ptepositcrn
1384 2275 1433 2351 ad
1469 2277 1589 2377 ipson
1624 2273 1878 2378 Proposito·¹

465 2392 595 2454 corun
607 2399 701 2454 uero
718 2395 877 2478 ¹quorum
893 2375 1099 2458 ittieudati'o
1124 2397 1193 2452 seu
1220 2376 1362 2453 locatio
1381 2373 1431 2451 ad
1451 2375 1686 2477 Propositum
1710 2387 1754 2452 et·
1771 2370 1860 2451 red·

467 2473 565 2553 dttus
581 2471 650 2552 ad·
667 2473 875 2655 Capitulum
903 2485 1059 2556 eatenus
1080 2476 1314 2579 pertinebant
1347 2471 1397 2576 ad
1421 2472 1634 2580 Oapituinn
1666 2475 1875 2578 predictos

467 2575 653 2653 duntaxat.
677 2601 723 2653 sn
753 2569 896 2654 u-ccrtts*
929 2577 1038 2655 niodo
1073 2589 1112 2655 et
1128 2576 1259 2653 torma
1290 2577 1519 2679 pertinerent
1550 2577 1621 2671 Ac-
1675 2577 1860 2676 meque

466 2674 616 2756 Satdnt
642 2676 743 2772 dicte
768 2677 1014 2778 Propositum
1038 2679 1102 2778 qni
1134 2692 1273 2778 usque
1288 2689 1375 2755 tuuc
1409 2677 1534 2755 dehita
1557 2675 1633 2753 Ere
1704 2685 1862 2752 tut-uue-

367 2829 376 2838 ’
467 2775 1393 2954 ωΐῖἵέιὲιῗὲἶὲεἷέἑρῧῗέὶῖῗ.εῖῖξῦ’““’””“
1422 2798 1500 2854 ⁸⁶¹*
1519 2774 1861 2878 ‘'mimi“
1989 2802 1990 2813 Ν

464 2899 596 3051 ddrdnt
619 2961 721 3050 dicto
746 2973 902 3050 Matheo
927 2976 993 3051 iila
1017 2977 1279 3078 persoluerent
1367 2980 1377 2998 ⁹
1403 2999 1495 3054 uero
1526 2978 1592 3055 itta
1624 2973 1745 3057 eidem
1770 2998 1859 3080 pre-

1238 2888 1297 2954 atu
1348 2876 1589 2955 redecessou'
1613 2897 1685 2954 non
1713 2876 1860 2980 persol-
1989 2936 1990 2959 t

466 3068 662 3149 decessori
688 3073 960 3177 persoluisseut
995 3097 1042 3151 ea
1077 3074 1180 3151 dluto
1203 3075 1365 3155 Matheo
1393 3077 1523 3155 salton
1559 3075 1858 3178 prepediente
1989 3086 1990 3117 ³

465 3173 687 3274 persoluere
712 3183 926 3251 tenerentur
942 3176 1000 3250 lta
1024 3174 1123 3276 quod
1147 3175 1203 3251 ittt
1229 3179 1289 3277 qui
1309 3166 1490 3255 eustatius
1504 3179 1693 3256 solueren
1743 3181 1858 3253 nitent

464 3269 668 3350 abeodem
688 3271 841 3351 Matheo
864 3275 1023 3370 benigne
1050 3287 1085 3352 et
1112 3277 1303 3353 caritatiue
1324 3283 1472 3355 tractari
1497 3273 1693 3354 deberent·
1737 3297 1856 3353 eonon

413 3456 429 3468 ‚
465 3376 583 3450 onnia
604 3376 758 3450 seruitio
782 3397 899 3477 parua
925 3387 1131 3479 nuncupata
1157 3387 1312 3452 eatenus
1338 3375 1538 3478 Prepoeito
1571 3373 1698 3453 dehita
1731 3385 1856 3480 pretet

462 3472 676 3575 supradicta
702 3470 751 3551 ad
768 3473 924 3550 eunden
949 3499 1019 3578 pro
1034 3487 1198 3578 tenpore
1212 3478 1437 3554 existentem
1475 3477 1711 3578 Propositum
1737 3477 1863 3552 solunt·

463 3579 691 3678 pertinerent
711 3585 748 3650 et
765 3573 836 3650 sihi
852 3588 1035 3676 perpetuo
1057 3588 1286 3652 renarrerent
1298 3575 1855 3679 ,Quodquecertiptueortttores

462 3695 534 3750 sen
549 3671 878 3750 Admittistratores
903 3674 951 3752 ad
977 3672 1017 3751 id
1033 3675 1195 3778 deputati
1222 3673 1353 3778 itstpue‘
1367 3675 1415 3755 ad
1433 3691 1573 3755 certon
1594 3689 1742 3778 ternpus
1766 3691 1852 3751 tuno

464 3793 686 3876 expressunt
712 3794 837 3850 onnes
862 3773 1007 3853 fructus
1043 3775 1212 3854 redditos
1236 3790 1440 3878 prouentus
1473 3789 1512 3854 et
1544 3779 1620 3854 alia
1649 3778 1731 3852 iura
1756 3774 1856 3850 dicte

463 3873 708 3975 Propositure
734 3875 931 3976 percipere
956 3875 1087 3953 leuare
1113 3889 1150 3952 et
1175 3874 1429 3954 adrnirrisrrare
1463 3901 1509 3956 ac
1533 3875 1584 3955 de
1608 3879 1667 3954 sic
1691 3897 1781 3956 rece
1807 3877 1855 3949 tis
1989 3954 1990 3965 p

463 3981 502 4049 et
526 3972 786 4051 administratis
811 3975 981 4078 predicto
1007 3975 1162 4054 Matheo
1188 3989 1390 4078 conputon
1423 3992 1461 4055 et
1494 3981 1669 4055 rationem
1693 3899 1855 4053 reddre

463 4085 501 4150 et
525 4075 674 4174 integre
698 4074 922 4152 satisfacere
946 4076 1126 4158 deberent
1151 4077 1285 4177 eisque
1306 4074 1437 4155 'ornnes
1472 4077 1608 4155 subditi
1632 4077 1735 4152 dicte
1758 4077 1856 4154 Pre-

291 4177 297 4182 ’
461 4175 627 4275 positure
652 4177 795 4252 interin
821 4175 977 4254 obedire
993 4189 1041 4253 et
1067 4197 1200 4280 parere
1233 4185 1448 4254 teneremur
1472 4177 1523 4255 hit
1546 4181 1580 4254 si
1616 4179 1759 4254 irtterea
1783 4173 1855 4253 ah'·
