4209 5034
694 573 961 679 episcopatus
990 530 1250 683 Augustuni.
1517 538 1522 546 ’
1602 573 1703 661 286

309 798 581 903 quomodolibet
606 802 651 878 ln
675 803 837 879 futurum
864 804 1143 901 quibuscunque
1162 804 1367 881 nominibus
1389 817 1614 886 censeantur
1638 819 1702 887 aut

307 926 536 1004 quacumque
560 902 797 1004 prefulgeant
821 902 996 997 dignitate
1019 901 1189 979 Joannes
1213 898 1277 983 dei
1302 904 1430 1000 gracia
1455 918 1584 985 sancte
1611 906 1699 985 Ma·

306 1006 459 1176 gpntiqe
484 1002 591 1120 seclis
615 998 1252 1177 ArcbiepiscopuqolCouarissarpps
1285 1017 1335 1179 eq
1356 1008 1699 1183 executorsrpicus

304 1130 351 1279 i„
384 1116 618 1280 lollii?
638 1114 1527 1303 tetbertus?ritttttitnttitb
1558 1123 1699 1281 ebt

304 1302 549 1381 Immonenns
570 1301 791 1403 apostolicis
815 1301 964 1377 tirmiter
989 1301 1143 1379 obedire
1168 1302 1356 1391 mendatis,
1381 1302 1512 1381 literas
1535 1306 1698 1381 sanctis-

307 1404 390 1477 simi
424 1404 468 1479 lu
502 1398 654 1492 Christo
691 1404 806 1503 patris
839 1414 877 1477 et
910 1396 1046 1503 *donini
1082 1406 1198 1478 nostri
1223 1398 1354 1477 demini
1388 1398 1539 1479 Martini
1574 1400 1699 1483 diuina

305 1501 556 1605 prouidencia
578 1525 676 1601 pape
710 1503 823 1589 quirnti
850 1505 932 1575 eius
966 1523 1058 1575 vera
1090 1501 1193 1577 bulla
1224 1500 1393 1603 plumbea
1427 1523 1509 1579 curu
1542 1502 1699 1581 curtiule

306 1601 460 1679 anobis
482 1624 585 1677 ruore
608 1604 770 1679 Ronuoe
796 1596 915 1676 Curis
941 1595 1180 1700 lnpeuulente
1206 1602 1364 1677 bullatas
1389 1624 1501 1677 sanas
1522 1600 1696 1701 Integras

306 1726 378 1778 non
403 1703 565 1776 viciatus
589 1724 662 1776 non
688 1700 914 1782 cancellatas
939 1722 1061 1799 neque
1087 1702 1124 1777 iu
1152 1699 1275 1801 aliqua
1301 1702 1360 1779 sui
1377 1712 1482 1801 parte
1498 1714 1697 1803 suspectus

305 1800 378 1877 sed
404 1802 503 1877 onni
527 1824 681 1901 prorsus
706 1802 806 1877 vicio
832 1810 871 1877 et
894 1802 1109 1901 suspicione
1144 1812 1315 1879 carentes
1347 1801 1454 1877 nobis
1487 1824 1556 1903 per
1580 1800 1698 1879 bonu-

303 1902 459 1979 nbilenr
483 1903 603 1979 virum
629 1902 840 1999 magistrum
863 1898 1044 1976 Joannenr
1063 1900 1257 1977 Gwerlicb
1276 1894 1504 1977 Canonicunr
1530 1902 1697 1979 ecclesie

301 2002 564 2101 Angusteusis
587 1996 787 2077 reuerendi
810 2000 855 2074 ln
880 1998 1020 2077 cbristo
1053 2004 1169 2103 patris
1206 2014 1242 2077 ct
1275 2000 1409 2077 domini
1436 2000 1568 2077 domiui
1592 2002 1697 2079 Ans·

303 2100 416 2177 lrelmi
442 2098 556 2175 electi
582 2113 620 2175 et
645 2100 844 2175 confirmati
870 2100 1126 2199 Augustensis
1153 2100 1369 2202 principalis
1394 2098 1437 2175 Iu
1463 2102 1557 2200 ipsis
1577 2100 1697 2177 literis
1840 2192 1848 2203 .

302 2201 523 2301 apostolicis
557 2200 810 2301 principaliter
841 2202 1012 2277 nominati
1044 2214 1317 2299 procuratorem
1351 2211 1460 2301 prout
1491 2196 1540 2277 de
1577 2202 1696 2302 ipsius

302 2299 474 2376 mandato
499 2299 607 2375 uobis
631 2299 735 2377 clare
762 2300 952 2376 constabat
975 2322 1100 2377 corana
1124 2299 1283 2377 Notario
1311 2300 1458 2399 publico
1484 2314 1521 2379 et
1542 2300 1696 2377 testibus

303 2400 562 2499 Ialmscriptis
588 2412 819 2500 presentatus
844 2398 929 2478 Nos
954 2421 1036 2475 cum
1063 2423 1107 2475 ea
1134 2422 1206 2497 que
1237 2394 1365 2473 decuit
1396 2401 1603 2475 reuerentia
1628 2421 1697 2473 no-

306 2501 437 2575 ueritis
461 2522 529 2576 rec
580 2502 669 2577 'sse
709 2500 871 2591 erum
896 2498 1044 2598 quiden
1069 2498 1256 2573 literarum
1280 2496 1567 2598 apostolicarum
1591 2508 1696 2573 tenor

313 2598 365 2673 (le
387 2601 498 2677 verbo
521 2626 545 2675 a
594 2600 747 2677 uerbum
770 2598 937 2699 sequiun
961 2608 1000 2675 et
1025 2608 1083 2673 est
1105 2596 1188 2673 talis
1213 2610 1256 2675 ut
1278 2620 1409 2695 supro.
1435 2596 1527 2673 Post
1542 2616 1694 2697 quarunt

312 2692 454 2797 quiden
469 2692 756 2801 apostolicarum
773 2699 1095 2798 presentacioaern
1111 2708 1149 2775 et
1164 2698 1421 2799 recepeionem
1443 2695 1552 2775 nobis
1568 2704 1606 2772 et
1626 2717 1695 2798 per

307 2796 393 2875 Nus
417 2812 458 2875 rt
481 2798 861 2901 pensiculantes,
902 2796 1094 2899 productis
1131 2798 1294 2898 primitus
1330 2818 1452 2873 corum
1486 2796 1593 2871 nobis
1627 2818 1696 2913 per

305 2898 487 3000 prefatum
513 2902 723 2998 magstrum
746 2897 929 2978 Jouonem
965 2913 1237 2999 procuratorem
1274 2898 1536 2997 procuratorio
1553 2917 1695 2973 nomrne

302 3023 521 3100 quosupra
543 2999 731 3077 nonnullis
747 2997 904 3075 Juribus
923 3009 961 3073 et
978 2998 1207 3075 minnnentis
1227 3020 1273 3073 ac
1295 2998 1454 3073 testibus
1474 2994 1550 3071 fide
1569 2991 1695 3095 dignis

302 3100 353 3172 ad
379 3098 647 3176 informandum
670 3100 824 3175 altimum
848 3110 1010 3173 nostrum
1046 3108 1116 3173 mm
1152 3097 1200 3173 de
1235 3114 1272 3173 et
1296 3119 1413 3197 super
1438 3088 1549 3171 dictis
1574 3096 1695 3171 literis

303 3200 525 3299 apostolicis
551 3200 734 3276 contentis
769 3223 874 3297 quum
908 3199 1017 3273 etium
1067 3197 1286 3275 recessibus
1318 3220 1387 3295 per
1419 3194 1601 3295 prelatum
1627 3190 1698 3269 do-

302 3301 437 3375 rninum
488 3299 658 3378 illectum
681 3312 812 3375 contra
836 3296 1000 3373 rebelles
1052 3307 1239 3373 creatores
1266 3308 1303 3373 et
1328 3306 1573 3395 occupatores
1605 3315 1694 3393 pre·

304 3394 430 3475 dictos
455 3403 559 3478 etium
584 3420 705 3496 usque
729 3397 779 3472 ad
804 3398 1114 3497 aggnmcnnom
1135 3395 1487 3494 reaggrauacinoen
1512 3404 1548 3469 et
1573 3392 1694 3469 Inter·

304 3496 395 3574 dicti
420 3499 633 3578 sentencias
657 3494 848 3584 luciusine
874 3494 1026 3587 habitis,
1059 3494 1195 3571 fnirnus
1229 3518 1298 3596 per
1331 3488 1489 3577 eundern
1514 3488 1696 3595 donnum

303 3596 487 3675 Joanueur
512 3609 786 3697 procuratorem
818 3594 942 3673 debita
975 3619 1058 3673 cun
1091 3594 1279 3671 Instuncia
1313 3592 1480 3693 requisiti
1512 3602 1694 3693 quatenus

304 3697 356 3772 au
376 3700 649 3774 -execueioueur
676 3696 853 3773 dictarunt
876 3696 1063 3772 literarum
1088 3694 1373 3797 apostolicarum
1393 3704 1431 3769 et
1445 3704 1695 3770 contentorum

306 3796 353 3873 ln
377 3798 517 3875 eisdem
540 3792 751 3898 procedere
768 3804 824 3873 'et
861 3818 1067 3897 processus
1101 3794 1311 3871 monitorias
1346 3794 1389 3869 ln
1421 3792 1537 3869 ferma
1572 3790 1697 3869 debite

333 3920 378 3973 er
410 3897 570 3975 edictum
601 3896 787 3999 publicum
825 3895 867 3973 lu
901 3896 999 3971 locis
1032 3890 1202 3996 predicte
1235 3894 1401 3971 ecclesie
1442 3892 1698 3992 augustensis

343 4000 453 4073 icinis
487 3996 551 4073 elli
578 3996 710 4075 endunt
749 4016 826 4071 exe
850 3990 1013 4071 nendum
1049 4006 1088 4070 et
1121 3988 1379 4095 publicandum
1418 3990 1624 4071 decernere
1658 4004 1697 4069 et
1842 4002 1846 4009 '

310 4097 521 4174 eonem
544 4018 790 4197 leuamen,
858 4118 902 4172 os
926 4096 1045 4194 Igitur
1066 4095 1236 4177 Joanrnes
1252 4092 1574 4213 Archispiscopus
1601 4115 1700 4207 cen·
1808 4188 1809 4191 p

310 4195 507 4273 marius
531 4208 569 4273 ct
593 4206 772 4274 amentor
796 4194 963 4297 prefuus
996 4190 1229 4273 attendentes
1263 4216 1544 4384 rgqquoronem
1572 4188 1700 4267 huron-
