4209 5034
499 537 598 624 352
717 599 728 620 ,
1080 458 1304 620 Ilrbarium

503 781 590 872 aput
614 781 776 846 sanetum
788 767 993 863 quannem
1020 793 1093 843 vna
1109 763 1227 882 Curis
1253 789 1323 866 que
1345 763 1411 884 dat
1427 762 1611 841 dimidium
1625 771 1753 848 vinum.
1787 767 1862 844 Item

503 867 619 990 Curia
642 894 716 988 §11¹0
741 869 947 970 appellatur
972 866 1152 985 vternboi
1185 867 1245 941 dat
1270 867 1458 1040 (Ιίιιιᾶἀῑιιῗἰ
1479 869 1614 984 viuum.
1653 867 1753 985 'Item
1775 864 1863 942 Lud-

500 995 624 1146 llll?
640 993 681 1144 il
705 963 1326 1166 iiiiiiiirviiilcdiiiabqiie
1344 977 1407 1142 tl
1433 967 1763 1142 rllllllll.
1790 967 1869 1141 ill

505 1171 603 1245 eblin
630 1172 665 1242 in
693 1169 774 1243 dem
790 1168 906 1262 Ilruel
932 1194 1035 1242 vrmm
1061 1164 1209 1256 Curiam
1236 1191 1306 1265 que
1334 1164 1394 1240 dal
1421 1165 1605 1240 dimidium
1630 1168 1761 1247 vitrum.
1793 1166 1869 1240 Item

505 1265 621 1344 Curia
646 1267 761 1342 villici
798 1268 846 1343 de
871 1272 999 1343 sancta
1035 1267 1118 1341 afra
1146 1269 1181 1339 in
1206 1265 1287 1341 dem
1312 1266 1426 1341 Bruel
1455 1261 1515 1339 dat
1542 1262 1727 1340 dimidium
1758 1266 1871 1339 virtum

500 1369 592 1444 Item
625 1363 836 1444 Friedrieus
871 1367 918 1442 de
952 1365 1134 1442 Hastlauh
1166 1363 1276 1440 babet
1310 1389 1416 1439 vnum
1450 1361 1600 1440 Curiam
1645 1360 1780 1440 ibidem
1812 1387 1870 1462 que

504 1467 565 1542 dat
599 1463 783 1542 dimidium
816 1469 947 1542 vinum.
1007 1467 1098 1541 Item
1133 1460 1269 1540 ibidem
1303 1464 1414 1539 vidua
1451 1460 1550 1539 dieta
1582 1464 1744 1561 seglinin
1783 1487 1873 1562 vuum

503 1565 651 1644 Curiam
690 1590 760 1666 que
805 1563 869 1640 dat
910 1565 1089 1640 dimidium
1129 1569 1260 1639 viuum.
1309 1564 1400 1639 Item
1435 1560 1533 1664 apud
1569 1561 1728 1644 Funebe,
1769 1561 1873 1636 dictus

502 1664 670 1765 Rupreth
705 1691 809 1741 vuum
838 1661 987 1741 Curiam
1023 1687 1093 1764 que
1127 1661 1189 1738 dat
1220 1659 1401 1737 dimidium
1440 1666 1572 1736 viuum.
1611 1663 1714 1737 'Item
1738 1662 1875 1736 IIuesse

500 1768 635 1841 ibidem
661 1791 765 1842 vnum
793 1762 942 1856 Curiam
969 1787 1040 1862 que
1067 1763 1128 1838 dat
1150 1761 1336 1836 dimidium
1361 1762 1492 1840 vinum.
1533 1763 1624 1836 Item
1648 1763 1813 1837 Jeeobus
1835 1759 1875 1833 de

453 1913 455 1920 ·
499 1877 704 2038 Keutenosm
729 1889 833 1938 vnam
861 1861 1009 1938 Curiam
1044 1885 1114 1960 que
1147 1861 1208 1936 dat
1244 1859 1447 1935 dimidium·
1467 1863 1597 1936 uinum·
1645 1861 1740 1935 Item
1774 1860 1879 1933 dictus

533 1987 595 2036 rae
627 1963 761 2038 ibidem
797 1987 902 2038 vnum
932 1957 1084 2038 Curiam
1120 1984 1190 2060 que
1225 1959 1286 2035 dat
1319 1959 1502 2036 dimidium
1542 1961 1674 2036 viuum.
1726 1962 1815 2035 Item
1847 1959 1879 2032 iu

370 2050 380 2064 ’
504 2059 647 2136 Erlrrcb
678 2087 750 2136 vua
776 2057 892 2137 Curia
918 2083 989 2160 que
1014 2055 1076 2134 dat
1102 2057 1286 2134 dimidium
1311 2062 1445 2136 viuum.

598 2159 700 2236 Nota
724 2163 845 2236 vinum
873 2156 1074 2236 Censuule.
1106 2159 1232 2234 Primo
1257 2159 1408 2240 villicus
1435 2162 1472 2236 iu
1490 2159 1643 2234 Bozarm
1670 2153 1735 2234 dat
1752 2166 1881 2257 septem

504 2259 682 2356 carradas
708 2263 784 2337 vini
809 2259 965 2336 holmum.
1013 2259 1105 2336 Item
1122 2257 1309 2336 Plebanus
1334 2260 1371 2333 in
1392 2260 1544 2337 Bozeue
1570 2285 1677 2334 vnam
1705 2258 1881 2334 carradam

502 2355 772 2438 viuilllensure
798 2363 951 2438 Bozane
977 2354 1081 2460 quam
1109 2357 1169 2436 dut
1194 2383 1262 2462 pro
1288 2356 1408 2434 medio
1434 2358 1532 2436 diete
1556 2357 1694 2433 lenziu.
1728 2360 1816 2433 Item
1841 2355 1879 2430 de

408 2522 411 2530 ,
464 2529 469 2545 ,
502 2469 630 2536 sancto
653 2459 769 2536 Petro
795 2485 909 2562 supra
932 2455 1097 2534 Cburrml
1131 2473 1283 2559 quatuor
1315 2484 1428 2535 vruus
1454 2459 1632 2535 boimaze.
1669 2459 1765 2533 Item
1777 2459 1880 2532 Heiu-

499 2560 602 2652 rieus
626 2583 673 2633 au
702 2559 771 2636 der
805 2565 883 2636 wiz
911 2559 958 2636 de
986 2560 1029 2634 B.
1056 2557 1187 2635 Grutin
1212 2570 1364 2658 quatuor
1389 2585 1501 2635 vruas
1526 2557 1711 2634 mensure
1738 2559 1878 2633 bomne

392 2661 393 2668 ’
501 2658 594 2732 Item
619 2657 668 2732 de
695 2657 837 2734 duabus
865 2655 993 2758 Curiis
1018 2657 1063 2732 In
1089 2660 1240 2734 serutin.
1289 2656 1382 2735 Item
1414 2659 1525 2736 ‘wllin
1552 2654 1674 2732 dictus
1698 2679 1818 2756 ysaao
1841 2653 1880 2727 de

501 2781 575 2831 vrm
599 2751 717 2834 Curia
751 2757 849 2834 dieta
874 2761 910 2832 in
939 2757 1008 2832 der
1032 2756 1160 2832 Mussi
1192 2754 1254 2833 dat
1281 2768 1433 2857 quatuor
1456 2779 1568 2833 vrnas
1602 2759 1677 2832 vini
1712 2755 1881 2831 busmaze

505 2854 598 2932 Item
616 2853 660 2932 C.
677 2857 848 2934 Piscator
872 2859 908 2932 in
935 2858 1077 2934 bozano
1106 2855 1167 2932 dat
1193 2855 1241 2933 de
1268 2884 1340 2933 vna
1365 2860 1475 2933 vinea
1498 2859 1537 2932 iu
1562 2857 1717 2931 Russan
1745 2854 1882 2931 exalia
1968 2888 1969 2936 3

428 2965 432 2972 ‘
500 2953 777 3054 pertelmerme
804 2969 956 3056 quatuor
980 2979 1095 3030 urnas
1121 2979 1291 3037 mensure
1317 2959 1471 3036 buzarre.
1508 2957 1598 3032 Item
1615 2948 1882 3052 Brunbergeriu

500 3078 606 3130 vuum
633 3079 758 3130 vrnam
785 3055 965 3132 bofmaz'e.
1015 3051 1107 3128 Item
1133 3049 1256 3132 dietus
1282 3048 1433 3132 wabrer
1456 3055 1550 3133 duas
1573 3081 1685 3130 urnas
1710 3053 1880 3129 bulmere

500 3154 591 3228 Item
617 3151 731 3230 vidue
757 3151 855 3232 dieta
876 3153 999 3228 Lollin
1026 3149 1121 3228 duas
1148 3180 1260 3232 urnas
1284 3153 1466 3250 hofmaze·
1505 3157 1596 3232 Item
1622 3155 1749 3230 dietus
1774 3149 1883 3228 bend-

398 3315 406 3321 .
498 3252 558 3328 ler
591 3264 668 3328 tres
707 3279 817 3330 urnas
850 3255 927 3328 uini
950 3253 1120 3328 Hoimaz.
1169 3253 1262 3332 Item
1297 3255 1419 3332 dictus
1446 3255 1633 3355 Grozpret
1665 3267 1744 3329 tres
1780 3273 1882 3328 umas

498 3351 575 3428 uiui
599 3351 755 3428 lrofmuz.
790 3353 880 3428 Item
934 3366 1035 3428 etrus
1060 3353 1328 3430 indemBruel
1356 3355 1404 3432 de
1430 3380 1503 3431 vno
1528 3353 1740 3429 molendino
1766 3351 1802 3428 X
1825 3375 1883 3425 ur-

498 3477 567 3526 nas
592 3453 669 3527 vini
693 3451 849 3528 boimaz-
898 3377 990 3530 Ilem
1012 3449 1248 3530 Lienbardus
1273 3454 1372 3530 filius
1396 3454 1572 3554 gerhardi
1623 3466 1756 3528 uatuor
1779 3472 1882 3525 vrum

498 3551 574 3626 vini
600 3573 770 3628 mensure
796 3551 952 3628 hoimaz.
1002 3551 1094 3628 Item
1119 3553 1167 3630 de
1203 3554 1346 3630 duabus
1373 3551 1498 3630 Curiis
1531 3557 1568 3628 itt
1632 3553 1752 3628 urmbs
1785 3573 1882 3627 vrmm

499 3647 701 3726 (lamudam
737 3649 929 3729 IIofmaze.
994 3649 1086 3728 Item
1130 3651 1177 3729 de
1216 3651 1436 3730 Bursebaun
1464 3657 1630 3754 'quatuor
1665 3677 1781 3727 vrnas
1814 3647 1883 3723 vini

501 3747 657 3822 bostram.
707 3750 799 3826 Item
826 3753 873 3828 de
897 3753 1024 3828 villico
1057 3751 1106 3827 de
1131 3777 1227 3829 unne
1252 3780 1358 3829 vnem
1391 3754 1580 3831 carradam
1605 3754 1682 3828 viui
1706 3751 1883 3825 Mensure

501 3845 682 3926 hosmaze.
733 3849 824 3928 Item
848 3853 999 3929 villicus
1036 3847 1085 3926 de
1110 3853 1226 3929 suffan
1261 3855 1323 3929 dat
1355 3853 1403 3929 de
1428 3853 1599 3952 'Iborgel
1624 3863 1662 3927 et
1695 3849 1746 3926 de
1771 3851 1883 3924 Riseu

366 4019 371 4031 ,
498 3959 650 4047 quatuor
696 3977 808 4028 vrnas
859 3953 934 4026 vini
974 3953 1127 4028 Bozaue
1169 3977 1352 4030 mensure.
1407 3955 1496 4044 Item
1539 3950 1659 4027 dietus
1691 3945 1882 4025 Enneebel

503 4059 655 4148 quatuor
670 4073 783 4128 rmus
808 4037 1064 4127 vini'hosmaz'.
1102 4049 1194 4128 Item
1221 4053 1269 4127 de
1283 4055 1466 4128 Bozmans
1482 4051 1662 4154 Egerden
1679 4061 1759 4126 tres
1778 4066 1884 4123 urnas

498 4147 576 4222 viui
601 4147 782 4229 hofmaze.
817 4153 908 4228 Item
936 4151 984 4227 de
1000 4149 1198 4227 Oberstein
1224 4165 1309 4256 aput
1334 4155 1452 4230 suffau
1478 4150 1574 4229 duas
1600 4175 1710 4227 urnas
1732 4147 1882 4223 helmam

1965 3626 1969 3755 l

1966 3760 1969 3892 l
