<?xml version="1.0" encoding="UTF-8"?>
<!DOCTYPE html PUBLIC "-//W3C//DTD XHTML 1.0 Transitional//EN"
    "http://www.w3.org/TR/xhtml1/DTD/xhtml1-transitional.dtd">
<html xmlns="http://www.w3.org/1999/xhtml" xml:lang="en" lang="en">
 <head>
  <title>
</title>
<meta http-equiv="Content-Type" content="text/html;charset=utf-8" />
  <meta name='ocr-system' content='tesseract 3.04.00' />
  <meta name='ocr-capabilities' content='ocr_page ocr_carea ocr_par ocr_line ocrx_word'/>
</head>
<body>
  <div class='ocr_page' id='page_1' title='image "./monumentaboicae20landgoog_0919.png"; bbox 0 0 4209 5034; ppageno 0'>
   <div class='ocr_carea' id='block_1_1' title="bbox 519 478 1351 572">
    <p class='ocr_par' dir='ltr' id='par_1_1' title="bbox 519 478 1351 572">
     <span class='ocr_line' id='line_1_1' title="bbox 519 478 1351 572; baseline -0.01 0"><span class='ocrx_word' id='word_1_1' title='bbox 519 482 624 572; x_wconf 71' lang='grc'><strong>384</strong></span> <span class='ocrx_word' id='word_1_2' title='bbox 1130 478 1351 568; x_wconf 75' lang='lat' dir='ltr'><strong>Urberium</strong></span> 
     </span>
    </p>
   </div>
   <div class='ocr_carea' id='block_1_2' title="bbox 254 691 1959 1298">
    <p class='ocr_par' dir='ltr' id='par_1_2' title="bbox 517 691 1959 978">
     <span class='ocr_line' id='line_1_2' title="bbox 614 691 1959 804; baseline -0.007 -26"><span class='ocrx_word' id='word_1_3' title='bbox 614 697 842 780; x_wconf 49' lang='lat' dir='ltr'><strong>,Nomadum</strong></span> <span class='ocrx_word' id='word_1_4' title='bbox 863 699 963 804; x_wconf 78' lang='lat' dir='ltr'><strong>quod</strong></span> <span class='ocrx_word' id='word_1_5' title='bbox 993 699 1163 778; x_wconf 71' lang='lat' dir='ltr'><strong>domim</strong></span> <span class='ocrx_word' id='word_1_6' title='bbox 1184 695 1398 798; x_wconf 71' lang='lat' dir='ltr'><strong>Episcopum</strong></span> <span class='ocrx_word' id='word_1_7' title='bbox 1428 695 1538 772; x_wconf 77' lang='lat' dir='ltr'><strong>babet</strong></span> <span class='ocrx_word' id='word_1_8' title='bbox 1567 698 1609 770; x_wconf 74' lang='lat' dir='ltr'><strong>m</strong></span> <span class='ocrx_word' id='word_1_9' title='bbox 1627 691 1753 796; x_wconf 65' lang='lat' dir='ltr'><strong>⁸Ilorpo</strong></span> <span class='ocrx_word' id='word_1_10' title='bbox 1777 714 1865 770; x_wconf 76' lang='lat' dir='ltr'><strong>moa</strong></span> <span class='ocrx_word' id='word_1_11' title='bbox 1958 748 1959 753; x_wconf 10' lang='grc' dir='ltr'><strong><em>Ν</em></strong></span> 
     </span>
     <span class='ocr_line' id='line_1_3' title="bbox 517 794 1959 898; baseline -0.006 -20"><span class='ocrx_word' id='word_1_12' title='bbox 517 801 679 878; x_wconf 79' lang='lat' dir='ltr'><strong>modium</strong></span> <span class='ocrx_word' id='word_1_13' title='bbox 703 825 823 878; x_wconf 76' lang='lat' dir='ltr'><strong>armoe</strong></span> <span class='ocrx_word' id='word_1_14' title='bbox 846 806 931 878; x_wconf 80' lang='lat' dir='ltr'><strong>ture</strong></span> <span class='ocrx_word' id='word_1_15' title='bbox 946 799 1199 892; x_wconf 81' lang='lat' dir='ltr'><strong>Aduocoticir&#39;‚</strong></span> <span class='ocrx_word' id='word_1_16' title='bbox 1223 797 1270 874; x_wconf 80' lang='lat' dir='ltr'><strong>dc</strong></span> <span class='ocrx_word' id='word_1_17' title='bbox 1294 794 1588 896; x_wconf 60' lang='lat' dir='ltr'><strong>commmodum</strong></span> <span class='ocrx_word' id='word_1_18' title='bbox 1611 817 1763 898; x_wconf 80' lang='lat' dir='ltr'><strong>quorum</strong></span> <span class='ocrx_word' id='word_1_19' title='bbox 1779 805 1870 869; x_wconf 68' lang='lat' dir='ltr'><strong>mum</strong></span> <span class='ocrx_word' id='word_1_20' title='bbox 1958 846 1959 887; x_wconf 61' lang='lat'>;</span> 
     </span>
     <span class='ocr_line' id='line_1_4' title="bbox 519 893 1959 978; baseline -0.006 0"><span class='ocrx_word' id='word_1_21' title='bbox 519 904 606 978; x_wconf 85' lang='lat' dir='ltr'><strong>colit</strong></span> <span class='ocrx_word' id='word_1_22' title='bbox 629 901 753 978; x_wconf 74' lang='lat' dir='ltr'><strong>urcem</strong></span> <span class='ocrx_word' id='word_1_23' title='bbox 776 899 950 978; x_wconf 83' lang='lat' dir='ltr'><strong>Priertcr</strong></span> <span class='ocrx_word' id='word_1_24' title='bbox 974 913 1010 977; x_wconf 86' lang='lat' dir='ltr'><strong>et</strong></span> <span class='ocrx_word' id='word_1_25' title='bbox 1034 903 1194 976; x_wconf 76' lang='lat' dir='ltr'><strong>uberum</strong></span> <span class='ocrx_word' id='word_1_26' title='bbox 1217 898 1339 974; x_wconf 75' lang='lat' dir='ltr'><strong>dictur</strong></span> <span class='ocrx_word' id='word_1_27' title='bbox 1365 893 1629 974; x_wconf 76' lang='lat' dir='ltr'><strong>Tobtermmtm</strong></span> <span class='ocrx_word' id='word_1_28' title='bbox 1958 952 1959 961; x_wconf 31' lang='lat' dir='ltr'><strong>r</strong></span> 
     </span>
    </p>

    <p class='ocr_par' dir='ltr' id='par_1_3' title="bbox 254 989 1959 1298">
     <span class='ocr_line' id='line_1_5' title="bbox 614 989 1959 1100; baseline -0.006 -26"><span class='ocrx_word' id='word_1_29' title='bbox 614 999 711 1077; x_wconf 85' lang='lat' dir='ltr'><strong>Item</strong></span> <span class='ocrx_word' id='word_1_30' title='bbox 735 1006 776 1076; x_wconf 80' lang='lat' dir='ltr'><strong>io</strong></span> <span class='ocrx_word' id='word_1_31' title='bbox 804 997 982 1076; x_wconf 81' lang='lat' dir='ltr'><strong>Nicrezz</strong></span> <span class='ocrx_word' id='word_1_32' title='bbox 1004 1023 1117 1076; x_wconf 82' lang='lat' dir='ltr'><strong>omum</strong></span> <span class='ocrx_word' id='word_1_33' title='bbox 1138 998 1313 1100; x_wconf 76' lang='lat' dir='ltr'><strong>predium</strong></span> <span class='ocrx_word' id='word_1_34' title='bbox 1333 998 1445 1073; x_wconf 71' lang='lat' dir='ltr'><strong>soluo</strong></span> <span class='ocrx_word' id='word_1_35' title='bbox 1466 999 1664 1082; x_wconf 66' lang='lat' dir='ltr'><strong>munatium</strong></span> <span class='ocrx_word' id='word_1_36' title='bbox 1687 991 1737 1068; x_wconf 93' lang='grc' dir='ltr'><strong>ΙΙ</strong></span> <span class='ocrx_word' id='word_1_37' title='bbox 1751 989 1871 1068; x_wconf 80' lang='lat' dir='ltr'><strong>Melior</strong></span> <span class='ocrx_word' id='word_1_38' title='bbox 1958 1016 1959 1023; x_wconf 45' lang='lat'>¹</span> 
     </span>
     <span class='ocr_line' id='line_1_6' title="bbox 519 1089 1873 1200; baseline -0.006 -24"><span class='ocrx_word' id='word_1_39' title='bbox 519 1095 690 1198; x_wconf 74' lang='lat' dir='ltr'><strong>Silipr&#39;nia</strong></span> <span class='ocrx_word' id='word_1_40' title='bbox 713 1123 885 1178; x_wconf 75' lang='lat' dir='ltr'><strong>mmeurc</strong></span> <span class='ocrx_word' id='word_1_41' title='bbox 907 1101 1157 1200; x_wconf 70' lang='lat' dir='ltr'><strong>Aequatemait</strong></span> <span class='ocrx_word' id='word_1_42' title='bbox 1181 1097 1278 1175; x_wconf 82' lang='lat' dir='ltr'><strong>dicte</strong></span> <span class='ocrx_word' id='word_1_43' title='bbox 1299 1095 1515 1195; x_wconf 65' lang='lat' dir='ltr'><strong>tempato</strong></span> <span class='ocrx_word' id='word_1_44' title='bbox 1534 1093 1591 1172; x_wconf 71' lang='lat' dir='ltr'><strong>Er</strong></span> <span class='ocrx_word' id='word_1_45' title='bbox 1615 1093 1711 1170; x_wconf 79' lang='lat' dir='ltr'><strong>illuri</strong></span> <span class='ocrx_word' id='word_1_46' title='bbox 1730 1089 1873 1192; x_wconf 72' lang='lat' dir='ltr'><strong>predium</strong></span> 
     </span>
     <span class='ocr_line' id='line_1_7' title="bbox 254 1193 1873 1298; baseline -0.004 -23"><span class='ocrx_word' id='word_1_47' title='bbox 254 1258 257 1268; x_wconf 88' lang='lat'>.</span> <span class='ocrx_word' id='word_1_48' title='bbox 410 1293 417 1298; x_wconf 38' lang='grc'><strong>,</strong></span> <span class='ocrx_word' id='word_1_49' title='bbox 518 1197 627 1276; x_wconf 81' lang='lat' dir='ltr'><strong>babet</strong></span> <span class='ocrx_word' id='word_1_50' title='bbox 648 1223 820 1298; x_wconf 69' lang='lat' dir='ltr'><strong>morrone</strong></span> <span class='ocrx_word' id='word_1_51' title='bbox 843 1201 987 1282; x_wconf 65' lang='lat' dir='ltr'><strong>olricus</strong></span> <span class='ocrx_word' id='word_1_52' title='bbox 1013 1197 1086 1275; x_wconf 78' lang='lat' dir='ltr'><strong>Tot</strong></span> <span class='ocrx_word' id='word_1_53' title='bbox 1109 1203 1256 1275; x_wconf 79' lang='lat' dir='ltr'><strong>mourime</strong></span> <span class='ocrx_word' id='word_1_54' title='bbox 1277 1200 1455 1296; x_wconf 77' lang='lat' dir='ltr'><strong>precario</strong></span> <span class='ocrx_word' id='word_1_55' title='bbox 1489 1220 1574 1273; x_wconf 82' lang='lat' dir='ltr'><strong>com</strong></span> <span class='ocrx_word' id='word_1_56' title='bbox 1599 1195 1686 1272; x_wconf 78' lang='lat' dir='ltr'><strong>aliia</strong></span> <span class='ocrx_word' id='word_1_57' title='bbox 1707 1193 1873 1294; x_wconf 69' lang='lat' dir='ltr'><strong>precariis</strong></span> 
     </span>
    </p>
   </div>
   <div class='ocr_carea' id='block_1_3' title="bbox 439 1489 1960 1796">
    <p class='ocr_par' dir='ltr' id='par_1_4' title="bbox 439 1489 1960 1796">
     <span class='ocr_line' id='line_1_8' title="bbox 619 1489 1879 1596; baseline -0.006 -27"><span class='ocrx_word' id='word_1_58' title='bbox 619 1493 688 1569; x_wconf 83' lang='lat' dir='ltr'><strong>Isti</strong></span> <span class='ocrx_word' id='word_1_59' title='bbox 724 1505 810 1570; x_wconf 89' lang='lat' dir='ltr'><strong>sunt</strong></span> <span class='ocrx_word' id='word_1_60' title='bbox 840 1493 1009 1573; x_wconf 88' lang='lat' dir='ltr'><strong>redditus</strong></span> <span class='ocrx_word' id='word_1_61' title='bbox 1046 1491 1181 1572; x_wconf 85' lang='lat' dir='ltr'><strong>domini</strong></span> <span class='ocrx_word' id='word_1_62' title='bbox 1211 1492 1394 1596; x_wconf 72' lang='lat' dir='ltr'><strong>Episcopi</strong></span> <span class='ocrx_word' id='word_1_63' title='bbox 1425 1491 1465 1566; x_wconf 94' lang='lat' dir='ltr'><strong>in</strong></span> <span class='ocrx_word' id='word_1_64' title='bbox 1497 1491 1647 1568; x_wconf 89' lang='lat' dir='ltr'><strong>ciuitate</strong></span> <span class='ocrx_word' id='word_1_65' title='bbox 1671 1489 1879 1588; x_wconf 77' lang='lat' dir='ltr'><strong>Augusteusi</strong></span> 
     </span>
     <span class='ocr_line' id='line_1_9' title="bbox 439 1588 1879 1698; baseline -0.006 -29"><span class='ocrx_word' id='word_1_66' title='bbox 439 1663 444 1694; x_wconf 71' lang='lat'><strong>,</strong></span> <span class='ocrx_word' id='word_1_67' title='bbox 524 1589 686 1684; x_wconf 83' lang='lat' dir='ltr'><strong>Quilibet</strong></span> <span class='ocrx_word' id='word_1_68' title='bbox 702 1616 821 1698; x_wconf 89' lang='lat' dir='ltr'><strong>caupo</strong></span> <span class='ocrx_word' id='word_1_69' title='bbox 846 1605 990 1672; x_wconf 88' lang='lat' dir='ltr'><strong>tenetur</strong></span> <span class='ocrx_word' id='word_1_70' title='bbox 1010 1595 1060 1672; x_wconf 88' lang='lat' dir='ltr'><strong>de</strong></span> <span class='ocrx_word' id='word_1_71' title='bbox 1084 1595 1203 1674; x_wconf 89' lang='lat' dir='ltr'><strong>banno</strong></span> <span class='ocrx_word' id='word_1_72' title='bbox 1220 1602 1278 1679; x_wconf 83' lang='lat' dir='ltr'><strong>ter</strong></span> <span class='ocrx_word' id='word_1_73' title='bbox 1302 1597 1339 1668; x_wconf 93' lang='lat' dir='ltr'><strong>in</strong></span> <span class='ocrx_word' id='word_1_74' title='bbox 1361 1615 1456 1667; x_wconf 91' lang='lat' dir='ltr'><strong>anuo</strong></span> <span class='ocrx_word' id='word_1_75' title='bbox 1482 1592 1630 1666; x_wconf 87' lang='lat' dir='ltr'><strong>scilicet</strong></span> <span class='ocrx_word' id='word_1_76' title='bbox 1653 1591 1694 1663; x_wconf 91' lang='lat' dir='ltr'><strong>in</strong></span> <span class='ocrx_word' id='word_1_77' title='bbox 1709 1588 1769 1664; x_wconf 86' lang='lat' dir='ltr'><strong>die</strong></span> <span class='ocrx_word' id='word_1_78' title='bbox 1791 1589 1879 1664; x_wconf 89' lang='lat' dir='ltr'><strong>beate</strong></span> 
     </span>
     <span class='ocr_line' id='line_1_10' title="bbox 522 1687 1960 1796; baseline -0.006 -28"><span class='ocrx_word' id='word_1_79' title='bbox 522 1691 741 1794; x_wconf 76' lang='lat' dir='ltr'><strong>walpurgis,</strong></span> <span class='ocrx_word' id='word_1_80' title='bbox 766 1698 800 1770; x_wconf 92' lang='lat' dir='ltr'><strong>in</strong></span> <span class='ocrx_word' id='word_1_81' title='bbox 825 1709 1019 1796; x_wconf 78' lang='lat' dir='ltr'><strong>autumpno</strong></span> <span class='ocrx_word' id='word_1_82' title='bbox 1044 1705 1081 1772; x_wconf 91' lang='lat' dir='ltr'><strong>et</strong></span> <span class='ocrx_word' id='word_1_83' title='bbox 1101 1697 1139 1770; x_wconf 90' lang='lat' dir='ltr'><strong>in</strong></span> <span class='ocrx_word' id='word_1_84' title='bbox 1163 1693 1351 1770; x_wconf 83' lang='lat' dir='ltr'><strong>februario</strong></span> <span class='ocrx_word' id='word_1_85' title='bbox 1365 1691 1404 1766; x_wconf 90' lang='lat' dir='ltr'>V</span> <span class='ocrx_word' id='word_1_86' title='bbox 1429 1687 1573 1766; x_wconf 86' lang='lat' dir='ltr'><strong>solidos</strong></span> <span class='ocrx_word' id='word_1_87' title='bbox 1598 1688 1823 1764; x_wconf 83' lang='lat' dir='ltr'><strong>denariomm</strong></span> <span class='ocrx_word' id='word_1_88' title='bbox 1843 1687 1881 1760; x_wconf 82' lang='lat' dir='ltr'><strong>de</strong></span> <span class='ocrx_word' id='word_1_89' title='bbox 1959 1694 1960 1705; x_wconf 75' lang='grc'>’</span> 
     </span>
    </p>
   </div>
   <div class='ocr_carea' id='block_1_4' title="bbox 466 1787 1960 2490">
    <p class='ocr_par' dir='ltr' id='par_1_5' title="bbox 466 1787 1960 2490">
     <span class='ocr_line' id='line_1_11' title="bbox 523 1787 1881 1893; baseline -0.004 -28"><span class='ocrx_word' id='word_1_90' title='bbox 523 1792 684 1889; x_wconf 89' lang='lat' dir='ltr'><strong>quolibet</strong></span> <span class='ocrx_word' id='word_1_91' title='bbox 718 1793 836 1869; x_wconf 83' lang='lat' dir='ltr'><strong>bonno</strong></span> <span class='ocrx_word' id='word_1_92' title='bbox 869 1791 919 1870; x_wconf 86' lang='lat' dir='ltr'><strong>ad</strong></span> <span class='ocrx_word' id='word_1_93' title='bbox 952 1797 1105 1893; x_wconf 81' lang='lat' dir='ltr'><strong>gratiam</strong></span> <span class='ocrx_word' id='word_1_94' title='bbox 1139 1791 1271 1870; x_wconf 87' lang='lat' dir='ltr'><strong>domini</strong></span> <span class='ocrx_word' id='word_1_95' title='bbox 1300 1792 1491 1893; x_wconf 77' lang='lat' dir='ltr'><strong>Iilpiscopi.</strong></span> <span class='ocrx_word' id='word_1_96' title='bbox 1539 1787 1595 1865; x_wconf 82' lang='lat' dir='ltr'><strong>Idu</strong></span> <span class='ocrx_word' id='word_1_97' title='bbox 1624 1813 1706 1864; x_wconf 87' lang='lat' dir='ltr'><strong>sum</strong></span> <span class='ocrx_word' id='word_1_98' title='bbox 1738 1795 1881 1864; x_wconf 87' lang='lat' dir='ltr'><strong>tenentur</strong></span> 
     </span>
     <span class='ocr_line' id='line_1_12' title="bbox 522 1815 1960 1994; baseline -0.003 -30"><span class='ocrx_word' id='word_1_99' title='bbox 522 1891 631 1966; x_wconf 87' lang='lat' dir='ltr'><strong>etiam</strong></span> <span class='ocrx_word' id='word_1_100' title='bbox 655 1893 819 1992; x_wconf 87' lang='lat' dir='ltr'><strong>pistores</strong></span> <span class='ocrx_word' id='word_1_101' title='bbox 844 1892 936 1967; x_wconf 92' lang='lat' dir='ltr'><strong>Item</strong></span> <span class='ocrx_word' id='word_1_102' title='bbox 960 1895 1112 1992; x_wconf 79' lang='lat' dir='ltr'><strong>quilibet</strong></span> <span class='ocrx_word' id='word_1_103' title='bbox 1138 1915 1255 1994; x_wconf 92' lang='lat' dir='ltr'><strong>caupo</strong></span> <span class='ocrx_word' id='word_1_104' title='bbox 1280 1901 1425 1967; x_wconf 87' lang='lat' dir='ltr'><strong>tenetur</strong></span> <span class='ocrx_word' id='word_1_105' title='bbox 1450 1891 1498 1966; x_wconf 84' lang='lat' dir='ltr'><strong>(le</strong></span> <span class='ocrx_word' id='word_1_106' title='bbox 1524 1815 1688 1988; x_wconf 82' lang='lat' dir='ltr'><strong>quaIibet</strong></span> <span class='ocrx_word' id='word_1_107' title='bbox 1711 1882 1882 1964; x_wconf 82' lang='lat' dir='ltr'><strong>kematal</strong></span> <span class='ocrx_word' id='word_1_108' title='bbox 1959 1918 1960 1923; x_wconf 41' lang='lat'>¹</span> 
     </span>
     <span class='ocr_line' id='line_1_13' title="bbox 520 1983 1884 2096; baseline -0.001 -35"><span class='ocrx_word' id='word_1_109' title='bbox 520 2000 655 2088; x_wconf 85' lang='lat' dir='ltr'><strong>potum.</strong></span> <span class='ocrx_word' id='word_1_110' title='bbox 689 1989 781 2064; x_wconf 90' lang='lat' dir='ltr'><strong>Item</strong></span> <span class='ocrx_word' id='word_1_111' title='bbox 807 1987 955 2066; x_wconf 88' lang='lat' dir='ltr'><strong>dimidia</strong></span> <span class='ocrx_word' id='word_1_112' title='bbox 979 1995 1130 2068; x_wconf 85' lang='lat' dir='ltr'><strong>korrota</strong></span> <span class='ocrx_word' id='word_1_113' title='bbox 1154 1991 1175 2066; x_wconf 92' lang='grc' dir='ltr'>Ι</span> <span class='ocrx_word' id='word_1_114' title='bbox 1197 2001 1318 2096; x_wconf 91' lang='lat' dir='ltr'><strong>potum</strong></span> <span class='ocrx_word' id='word_1_115' title='bbox 1340 1985 1392 2066; x_wconf 86' lang='lat' dir='ltr'><strong>de</strong></span> <span class='ocrx_word' id='word_1_116' title='bbox 1415 1989 1509 2067; x_wconf 78' lang='lat' dir='ltr'><strong>vino·</strong></span> <span class='ocrx_word' id='word_1_117' title='bbox 1528 1987 1627 2089; x_wconf 81' lang='lat' dir='ltr'><strong>quoti</strong></span> <span class='ocrx_word' id='word_1_118' title='bbox 1651 1983 1781 2066; x_wconf 78' lang='lat' dir='ltr'><strong>vendit</strong></span> <span class='ocrx_word' id='word_1_119' title='bbox 1810 1984 1884 2061; x_wconf 75' lang='lat' dir='ltr'><strong>Iton</strong></span> 
     </span>
     <span class='ocr_line' id='line_1_14' title="bbox 522 2080 1884 2189; baseline 0.001 -29"><span class='ocrx_word' id='word_1_120' title='bbox 522 2083 572 2160; x_wconf 87' lang='lat' dir='ltr'><strong>de</strong></span> <span class='ocrx_word' id='word_1_121' title='bbox 598 2082 774 2164; x_wconf 87' lang='lat' dir='ltr'><strong>Cernisia</strong></span> <span class='ocrx_word' id='word_1_122' title='bbox 800 2101 837 2164; x_wconf 90' lang='lat' dir='ltr'><strong>ct</strong></span> <span class='ocrx_word' id='word_1_123' title='bbox 858 2089 1015 2166; x_wconf 85' lang='lat' dir='ltr'><strong>medone</strong></span> <span class='ocrx_word' id='word_1_124' title='bbox 1040 2089 1136 2166; x_wconf 89' lang='lat' dir='ltr'><strong>idem</strong></span> <span class='ocrx_word' id='word_1_125' title='bbox 1161 2103 1230 2166; x_wconf 90' lang='lat' dir='ltr'><strong>est.</strong></span> <span class='ocrx_word' id='word_1_126' title='bbox 1268 2089 1359 2166; x_wconf 83' lang='lat' dir='ltr'><strong>Item</strong></span> <span class='ocrx_word' id='word_1_127' title='bbox 1384 2091 1422 2164; x_wconf 94' lang='lat' dir='ltr'><strong>in</strong></span> <span class='ocrx_word' id='word_1_128' title='bbox 1447 2089 1580 2189; x_wconf 83' lang='lat' dir='ltr'><strong>vigilia</strong></span> <span class='ocrx_word' id='word_1_129' title='bbox 1597 2085 1811 2163; x_wconf 72' lang='lat' dir='ltr'><strong>Natiuitatis</strong></span> <span class='ocrx_word' id='word_1_130' title='bbox 1831 2080 1884 2159; x_wconf 86' lang='lat' dir='ltr'><strong>tlo-</strong></span> 
     </span>
     <span class='ocr_line' id='line_1_15' title="bbox 466 2185 1960 2288; baseline -0.001 -28"><span class='ocrx_word' id='word_1_131' title='bbox 466 2215 467 2220; x_wconf 41' lang='lat'>¹</span> <span class='ocrx_word' id='word_1_132' title='bbox 522 2185 609 2260; x_wconf 91' lang='lat' dir='ltr'><strong>mini</strong></span> <span class='ocrx_word' id='word_1_133' title='bbox 635 2185 786 2284; x_wconf 82' lang='lat' dir='ltr'><strong>quilibet</strong></span> <span class='ocrx_word' id='word_1_134' title='bbox 811 2187 949 2282; x_wconf 84' lang='lat' dir='ltr'><strong>Pistor,</strong></span> <span class='ocrx_word' id='word_1_135' title='bbox 976 2191 1036 2288; x_wconf 93' lang='lat' dir='ltr'><strong>qni</strong></span> <span class='ocrx_word' id='word_1_136' title='bbox 1061 2185 1189 2266; x_wconf 85' lang='lat' dir='ltr'><strong>vendit</strong></span> <span class='ocrx_word' id='word_1_137' title='bbox 1213 2212 1330 2288; x_wconf 88' lang='lat' dir='ltr'><strong>panes</strong></span> <span class='ocrx_word' id='word_1_138' title='bbox 1354 2187 1392 2264; x_wconf 95' lang='lat' dir='ltr'><strong>in</strong></span> <span class='ocrx_word' id='word_1_139' title='bbox 1417 2197 1531 2265; x_wconf 82' lang='lat' dir='ltr'><strong>strata</strong></span> <span class='ocrx_word' id='word_1_140' title='bbox 1553 2187 1613 2264; x_wconf 86' lang='lat' dir='ltr'><strong>lv</strong></span> <span class='ocrx_word' id='word_1_141' title='bbox 1639 2185 1811 2264; x_wconf 86' lang='lat' dir='ltr'><strong>denarios</strong></span> <span class='ocrx_word' id='word_1_142' title='bbox 1831 2205 1883 2287; x_wconf 93' lang='lat' dir='ltr'><strong>pro</strong></span> <span class='ocrx_word' id='word_1_143' title='bbox 1959 2262 1960 2273; x_wconf 15' lang='lat' dir='ltr'><strong>q</strong></span> 
     </span>
     <span class='ocr_line' id='line_1_16' title="bbox 523 2282 1960 2389; baseline 0.001 -31"><span class='ocrx_word' id='word_1_144' title='bbox 523 2283 802 2362; x_wconf 86' lang='lat' dir='ltr'><strong>sacrificalibus.</strong></span> <span class='ocrx_word' id='word_1_145' title='bbox 835 2285 926 2364; x_wconf 84' lang='lat' dir='ltr'><strong>Item</strong></span> <span class='ocrx_word' id='word_1_146' title='bbox 953 2289 1104 2389; x_wconf 88' lang='lat' dir='ltr'><strong>quilibet</strong></span> <span class='ocrx_word' id='word_1_147' title='bbox 1129 2287 1178 2366; x_wconf 85' lang='lat' dir='ltr'><strong>de</strong></span> <span class='ocrx_word' id='word_1_148' title='bbox 1205 2291 1314 2366; x_wconf 84' lang='lat' dir='ltr'><strong>dictis</strong></span> <span class='ocrx_word' id='word_1_149' title='bbox 1337 2290 1532 2366; x_wconf 81' lang='lat' dir='ltr'><strong>winmaler</strong></span> <span class='ocrx_word' id='word_1_150' title='bbox 1557 2282 1691 2364; x_wconf 90' lang='lat' dir='ltr'><strong>eodem</strong></span> <span class='ocrx_word' id='word_1_151' title='bbox 1717 2285 1884 2364; x_wconf 73' lang='lat' dir='ltr'><strong>&lt;lieston</strong></span> <span class='ocrx_word' id='word_1_152' title='bbox 1959 2328 1960 2375; x_wconf 78' lang='lat'>;</span> 
     </span>
     <span class='ocr_line' id='line_1_17' title="bbox 522 2383 1916 2490; baseline 0.001 -33"><span class='ocrx_word' id='word_1_153' title='bbox 522 2383 561 2457; x_wconf 92' lang='lat' dir='ltr'><strong>in</strong></span> <span class='ocrx_word' id='word_1_154' title='bbox 595 2395 709 2460; x_wconf 84' lang='lat' dir='ltr'><strong>stratu</strong></span> <span class='ocrx_word' id='word_1_155' title='bbox 742 2383 803 2462; x_wconf 79' lang='lat' dir='ltr'><strong>det</strong></span> <span class='ocrx_word' id='word_1_156' title='bbox 827 2385 886 2461; x_wconf 91' lang='lat' dir='ltr'><strong>VI</strong></span> <span class='ocrx_word' id='word_1_157' title='bbox 915 2384 1089 2464; x_wconf 86' lang='lat' dir='ltr'><strong>denarios</strong></span> <span class='ocrx_word' id='word_1_158' title='bbox 1120 2411 1189 2490; x_wconf 92' lang='lat' dir='ltr'><strong>pro</strong></span> <span class='ocrx_word' id='word_1_159' title='bbox 1225 2387 1505 2466; x_wconf 80' lang='lat' dir='ltr'><strong>sacrificalibus.</strong></span> <span class='ocrx_word' id='word_1_160' title='bbox 1554 2386 1646 2464; x_wconf 87' lang='lat' dir='ltr'><strong>Item</strong></span> <span class='ocrx_word' id='word_1_161' title='bbox 1680 2386 1770 2465; x_wconf 86' lang='lat' dir='ltr'><strong>dicti</strong></span> <span class='ocrx_word' id='word_1_162' title='bbox 1802 2383 1916 2460; x_wconf 71' lang='lat' dir='ltr'><strong>bnt·</strong></span> 
     </span>
    </p>
   </div>
   <div class='ocr_carea' id='block_1_5' title="bbox 522 2479 1885 2588">
    <p class='ocr_par' dir='ltr' id='par_1_6' title="bbox 522 2479 1885 2588">
     <span class='ocr_line' id='line_1_18' title="bbox 522 2479 1885 2588; baseline -0.001 -31"><span class='ocrx_word' id='word_1_163' title='bbox 522 2479 695 2558; x_wconf 87' lang='lat' dir='ltr'><strong>schuster</strong></span> <span class='ocrx_word' id='word_1_164' title='bbox 710 2485 861 2582; x_wconf 86' lang='lat' dir='ltr'><strong>quilibet</strong></span> <span class='ocrx_word' id='word_1_165' title='bbox 885 2483 944 2559; x_wconf 88' lang='lat' dir='ltr'><strong>IV</strong></span> <span class='ocrx_word' id='word_1_166' title='bbox 969 2482 1143 2564; x_wconf 84' lang='lat' dir='ltr'><strong>denarios</strong></span> <span class='ocrx_word' id='word_1_167' title='bbox 1162 2487 1293 2564; x_wconf 89' lang='lat' dir='ltr'><strong>eodem</strong></span> <span class='ocrx_word' id='word_1_168' title='bbox 1318 2485 1393 2580; x_wconf 85' lang='lat' dir='ltr'><strong>die,</strong></span> <span class='ocrx_word' id='word_1_169' title='bbox 1419 2488 1569 2588; x_wconf 78' lang='lat' dir='ltr'><strong>quistet</strong></span> <span class='ocrx_word' id='word_1_170' title='bbox 1592 2489 1778 2564; x_wconf 81' lang='lat' dir='ltr'><strong>instrata</strong></span> <span class='ocrx_word' id='word_1_171' title='bbox 1813 2483 1885 2559; x_wconf 83' lang='lat' dir='ltr'><strong>Iteu</strong></span> 
     </span>
    </p>
   </div>
   <div class='ocr_carea' id='block_1_6' title="bbox 394 2581 1886 2686">
    <p class='ocr_par' dir='ltr' id='par_1_7' title="bbox 394 2581 1886 2686">
     <span class='ocr_line' id='line_1_19' title="bbox 394 2581 1886 2686; baseline -0.002 -26"><span class='ocrx_word' id='word_1_172' title='bbox 394 2656 397 2660; x_wconf 86' lang='lat'>.</span> <span class='ocrx_word' id='word_1_173' title='bbox 523 2581 674 2680; x_wconf 88' lang='lat' dir='ltr'><strong>quilibet</strong></span> <span class='ocrx_word' id='word_1_174' title='bbox 698 2583 825 2660; x_wconf 88' lang='lat' dir='ltr'><strong>Pistor</strong></span> <span class='ocrx_word' id='word_1_175' title='bbox 855 2583 876 2658; x_wconf 93' lang='lat'><em>1</em></span> <span class='ocrx_word' id='word_1_176' title='bbox 907 2587 1045 2685; x_wconf 91' lang='lat' dir='ltr'><strong>pullum</strong></span> <span class='ocrx_word' id='word_1_177' title='bbox 1080 2588 1119 2662; x_wconf 88' lang='lat' dir='ltr'><strong>iu</strong></span> <span class='ocrx_word' id='word_1_178' title='bbox 1145 2583 1408 2686; x_wconf 74' lang='lat' dir='ltr'><strong>carnispriuio.</strong></span> <span class='ocrx_word' id='word_1_179' title='bbox 1457 2585 1549 2662; x_wconf 88' lang='lat' dir='ltr'><strong>Item</strong></span> <span class='ocrx_word' id='word_1_180' title='bbox 1583 2584 1633 2662; x_wconf 87' lang='lat' dir='ltr'><strong>de</strong></span> <span class='ocrx_word' id='word_1_181' title='bbox 1658 2581 1886 2663; x_wconf 82' lang='lat' dir='ltr'><strong>Carnificibut</strong></span> 
     </span>
    </p>
   </div>
   <div class='ocr_carea' id='block_1_7' title="bbox 379 2679 1887 3154">
    <p class='ocr_par' dir='ltr' id='par_1_8' title="bbox 520 2679 1887 2882">
     <span class='ocr_line' id='line_1_20' title="bbox 520 2679 1886 2764; baseline 0.001 -8"><span class='ocrx_word' id='word_1_182' title='bbox 520 2681 560 2756; x_wconf 92' lang='lat' dir='ltr'><strong>in</strong></span> <span class='ocrx_word' id='word_1_183' title='bbox 584 2679 682 2757; x_wconf 82' lang='lat' dir='ltr'><strong>testo</strong></span> <span class='ocrx_word' id='word_1_184' title='bbox 707 2682 804 2760; x_wconf 88' lang='lat' dir='ltr'><strong>beati</strong></span> <span class='ocrx_word' id='word_1_185' title='bbox 817 2682 951 2763; x_wconf 89' lang='lat' dir='ltr'><strong>Jacobi</strong></span> <span class='ocrx_word' id='word_1_186' title='bbox 973 2683 1092 2762; x_wconf 90' lang='lat' dir='ltr'><strong>XXX</strong></span> <span class='ocrx_word' id='word_1_187' title='bbox 1117 2683 1229 2762; x_wconf 85' lang='lat' dir='ltr'><strong>solidi</strong></span> <span class='ocrx_word' id='word_1_188' title='bbox 1254 2685 1496 2764; x_wconf 82' lang='lat' dir='ltr'><strong>denariorum·</strong></span> <span class='ocrx_word' id='word_1_189' title='bbox 1532 2684 1623 2760; x_wconf 86' lang='lat' dir='ltr'><strong>Item</strong></span> <span class='ocrx_word' id='word_1_190' title='bbox 1640 2687 1678 2760; x_wconf 94' lang='lat' dir='ltr'><strong>in</strong></span> <span class='ocrx_word' id='word_1_191' title='bbox 1693 2686 1794 2762; x_wconf 80' lang='lat' dir='ltr'><strong>festo</strong></span> <span class='ocrx_word' id='word_1_192' title='bbox 1809 2679 1886 2761; x_wconf 84' lang='lat' dir='ltr'><strong>beati</strong></span> 
     </span>
     <span class='ocr_line' id='line_1_21' title="bbox 523 2777 1887 2882; baseline 0.004 -26"><span class='ocrx_word' id='word_1_193' title='bbox 523 2777 676 2856; x_wconf 83' lang='lat' dir='ltr'><strong>Martini</strong></span> <span class='ocrx_word' id='word_1_194' title='bbox 710 2783 861 2882; x_wconf 87' lang='lat' dir='ltr'><strong>quilibet</strong></span> <span class='ocrx_word' id='word_1_195' title='bbox 897 2785 1066 2862; x_wconf 81' lang='lat' dir='ltr'><strong>carnifex</strong></span> <span class='ocrx_word' id='word_1_196' title='bbox 1099 2779 1162 2862; x_wconf 85' lang='lat' dir='ltr'><strong>dat</strong></span> <span class='ocrx_word' id='word_1_197' title='bbox 1192 2785 1253 2862; x_wconf 90' lang='lat'><strong>111</strong></span> <span class='ocrx_word' id='word_1_198' title='bbox 1285 2785 1429 2862; x_wconf 84' lang='lat' dir='ltr'><strong>solidos</strong></span> <span class='ocrx_word' id='word_1_199' title='bbox 1462 2783 1707 2861; x_wconf 82' lang='lat' dir='ltr'><strong>denariorum.</strong></span> <span class='ocrx_word' id='word_1_200' title='bbox 1746 2781 1887 2861; x_wconf 80' lang='lat' dir='ltr'><strong>Itenit</strong></span> 
     </span>
    </p>

    <p class='ocr_par' dir='ltr' id='par_1_9' title="bbox 379 2873 1887 3154">
     <span class='ocr_line' id='line_1_22' title="bbox 442 2873 1887 2984; baseline 0.003 -33"><span class='ocrx_word' id='word_1_201' title='bbox 442 2942 445 2950; x_wconf 88' lang='lat'>.</span> <span class='ocrx_word' id='word_1_202' title='bbox 526 2873 781 2982; x_wconf 84' lang='lat' dir='ltr'><strong>Carnispriuio</strong></span> <span class='ocrx_word' id='word_1_203' title='bbox 817 2881 968 2982; x_wconf 89' lang='lat' dir='ltr'><strong>quilibet</strong></span> <span class='ocrx_word' id='word_1_204' title='bbox 1000 2885 1166 2962; x_wconf 76' lang='lat' dir='ltr'><strong>carnifex</strong></span> <span class='ocrx_word' id='word_1_205' title='bbox 1201 2885 1241 2961; x_wconf 93' lang='lat' dir='ltr'><strong>II</strong></span> <span class='ocrx_word' id='word_1_206' title='bbox 1274 2907 1384 2961; x_wconf 87' lang='lat' dir='ltr'><strong>crura</strong></span> <span class='ocrx_word' id='word_1_207' title='bbox 1439 2885 1598 2983; x_wconf 80' lang='lat' dir='ltr'><strong>orcina.¹</strong></span> <span class='ocrx_word' id='word_1_208' title='bbox 1631 2885 1727 2960; x_wconf 90' lang='lat' dir='ltr'><strong>Item</strong></span> <span class='ocrx_word' id='word_1_209' title='bbox 1760 2881 1887 2984; x_wconf 86' lang='lat' dir='ltr'><strong>quilibet</strong></span> 
     </span>
     <span class='ocr_line' id='line_1_23' title="bbox 379 2980 1886 3154; baseline 0.005 -105"><span class='ocrx_word' id='word_1_210' title='bbox 379 3019 381 3024; x_wconf 66' lang='lat'>,</span> <span class='ocrx_word' id='word_1_211' title='bbox 523 3000 662 3154; x_wconf 83' lang='lat' dir='ltr'><strong>parans</strong></span> <span class='ocrx_word' id='word_1_212' title='bbox 686 2983 855 3058; x_wconf 89' lang='lat' dir='ltr'><strong>intestina</strong></span> <span class='ocrx_word' id='word_1_213' title='bbox 888 2985 949 3080; x_wconf 92' lang='lat' dir='ltr'><strong>qui</strong></span> <span class='ocrx_word' id='word_1_214' title='bbox 983 2981 1117 3058; x_wconf 85' lang='lat' dir='ltr'><strong>dicitur</strong></span> <span class='ocrx_word' id='word_1_215' title='bbox 1149 2983 1303 3062; x_wconf 84' lang='lat' dir='ltr'><strong>sulzber</strong></span> <span class='ocrx_word' id='word_1_216' title='bbox 1479 2984 1596 3060; x_wconf 83' lang='lat' dir='ltr'><strong>libros</strong></span> <span class='ocrx_word' id='word_1_217' title='bbox 1627 2987 1715 3084; x_wconf 84' lang='lat' dir='ltr'><strong>sepi</strong></span> <span class='ocrx_word' id='word_1_218' title='bbox 1740 2986 1778 3058; x_wconf 96' lang='lat' dir='ltr'><strong>in</strong></span> <span class='ocrx_word' id='word_1_219' title='bbox 1810 2980 1886 3057; x_wconf 78' lang='lat' dir='ltr'><strong>tem</strong></span> 
     </span>
    </p>
   </div>
   <div class='ocr_carea' id='block_1_8' title="bbox 430 3075 1887 3163">
    <p class='ocr_par' dir='ltr' id='par_1_10' title="bbox 430 3075 1887 3163">
     <span class='ocr_line' id='line_1_24' title="bbox 430 3075 1887 3163; baseline 0.001 -13"><span class='ocrx_word' id='word_1_220' title='bbox 430 3155 433 3163; x_wconf 69' lang='grc'><em>,</em></span> <span class='ocrx_word' id='word_1_221' title='bbox 552 3075 624 3150; x_wconf 91' lang='lat' dir='ltr'><strong>eati</strong></span> <span class='ocrx_word' id='word_1_222' title='bbox 647 3075 756 3153; x_wconf 84' lang='lat' dir='ltr'><strong>Gelli.</strong></span> <span class='ocrx_word' id='word_1_223' title='bbox 806 3077 898 3152; x_wconf 90' lang='lat' dir='ltr'><strong>Item</strong></span> <span class='ocrx_word' id='word_1_224' title='bbox 931 3078 1019 3154; x_wconf 88' lang='lat' dir='ltr'><strong>dicti</strong></span> <span class='ocrx_word' id='word_1_225' title='bbox 1052 3079 1222 3158; x_wconf 83' lang='lat' dir='ltr'><strong>buocker</strong></span> <span class='ocrx_word' id='word_1_226' title='bbox 1253 3087 1290 3159; x_wconf 90' lang='lat' dir='ltr'><strong>in</strong></span> <span class='ocrx_word' id='word_1_227' title='bbox 1315 3081 1567 3161; x_wconf 87' lang='lat' dir='ltr'><strong>Penthecoste</strong></span> <span class='ocrx_word' id='word_1_228' title='bbox 1591 3084 1611 3160; x_wconf 95' lang='lat'>1</span> <span class='ocrx_word' id='word_1_229' title='bbox 1636 3083 1770 3160; x_wconf 90' lang='lat' dir='ltr'><strong>libram</strong></span> <span class='ocrx_word' id='word_1_230' title='bbox 1794 3082 1887 3155; x_wconf 82' lang='lat' dir='ltr'><strong>dena·</strong></span> 
     </span>
    </p>
   </div>
   <div class='ocr_carea' id='block_1_9' title="bbox 524 3173 1890 3778">
    <p class='ocr_par' dir='ltr' id='par_1_11' title="bbox 524 3173 1890 3778">
     <span class='ocr_line' id='line_1_25' title="bbox 527 3173 1888 3260; baseline 0.002 -9"><span class='ocrx_word' id='word_1_231' title='bbox 527 3177 670 3252; x_wconf 87' lang='lat' dir='ltr'><strong>riorum.</strong></span> <span class='ocrx_word' id='word_1_232' title='bbox 719 3175 812 3254; x_wconf 92' lang='lat' dir='ltr'><strong>Item</strong></span> <span class='ocrx_word' id='word_1_233' title='bbox 836 3173 987 3252; x_wconf 86' lang='lat' dir='ltr'><strong>Martini</strong></span> <span class='ocrx_word' id='word_1_234' title='bbox 1013 3179 1033 3253; x_wconf 97' lang='grc' dir='ltr'>Ι</span> <span class='ocrx_word' id='word_1_235' title='bbox 1058 3179 1184 3257; x_wconf 85' lang='lat' dir='ltr'><strong>libram</strong></span> <span class='ocrx_word' id='word_1_236' title='bbox 1210 3181 1451 3260; x_wconf 83' lang='lat' dir='ltr'><strong>denariorum.</strong></span> <span class='ocrx_word' id='word_1_237' title='bbox 1498 3183 1589 3258; x_wconf 88' lang='lat' dir='ltr'><strong>Item</strong></span> <span class='ocrx_word' id='word_1_238' title='bbox 1614 3179 1806 3258; x_wconf 84' lang='lat' dir='ltr'><strong>Pabularii</strong></span> <span class='ocrx_word' id='word_1_239' title='bbox 1826 3173 1888 3253; x_wconf 88' lang='lat' dir='ltr'><strong>XII</strong></span> 
     </span>
     <span class='ocr_line' id='line_1_26' title="bbox 524 3270 1887 3400; baseline 0.005 -50"><span class='ocrx_word' id='word_1_240' title='bbox 524 3270 669 3350; x_wconf 89' lang='lat' dir='ltr'><strong>solidos</strong></span> <span class='ocrx_word' id='word_1_241' title='bbox 695 3273 924 3355; x_wconf 85' lang='lat' dir='ltr'><strong>denariorum</strong></span> <span class='ocrx_word' id='word_1_242' title='bbox 941 3275 1124 3356; x_wconf 86' lang='lat' dir='ltr'><strong>Jobanuis</strong></span> <span class='ocrx_word' id='word_1_243' title='bbox 1138 3281 1318 3382; x_wconf 80' lang='lat' dir='ltr'><strong>Baptiste.</strong></span> <span class='ocrx_word' id='word_1_244' title='bbox 1350 3282 1441 3359; x_wconf 88' lang='lat' dir='ltr'><strong>Item</strong></span> <span class='ocrx_word' id='word_1_245' title='bbox 1467 3281 1619 3400; x_wconf 88' lang='lat' dir='ltr'><strong>quilibet</strong></span> <span class='ocrx_word' id='word_1_246' title='bbox 1638 3277 1690 3358; x_wconf 85' lang='lat' dir='ltr'><strong>de</strong></span> <span class='ocrx_word' id='word_1_247' title='bbox 1716 3276 1887 3359; x_wconf 75' lang='lat' dir='ltr'><strong>buckoriit</strong></span> 
     </span>
     <span class='ocr_line' id='line_1_27' title="bbox 525 3367 1889 3479; baseline 0.004 -33"><span class='ocrx_word' id='word_1_248' title='bbox 525 3367 587 3448; x_wconf 81' lang='lat' dir='ltr'><strong>dot</strong></span> <span class='ocrx_word' id='word_1_249' title='bbox 611 3398 717 3451; x_wconf 81' lang='lat' dir='ltr'><strong>vnem</strong></span> <span class='ocrx_word' id='word_1_250' title='bbox 744 3375 896 3450; x_wconf 82' lang='lat' dir='ltr'><strong>oblatam</strong></span> <span class='ocrx_word' id='word_1_251' title='bbox 923 3373 972 3452; x_wconf 89' lang='lat' dir='ltr'><strong>de</strong></span> <span class='ocrx_word' id='word_1_252' title='bbox 997 3373 1089 3470; x_wconf 87' lang='lat' dir='ltr'><strong>biis,</strong></span> <span class='ocrx_word' id='word_1_253' title='bbox 1130 3405 1201 3479; x_wconf 91' lang='lat' dir='ltr'><strong>que</strong></span> <span class='ocrx_word' id='word_1_254' title='bbox 1225 3379 1335 3460; x_wconf 86' lang='lat' dir='ltr'><strong>babet</strong></span> <span class='ocrx_word' id='word_1_255' title='bbox 1366 3381 1516 3458; x_wconf 77' lang='lat' dir='ltr'><strong>venalia</strong></span> <span class='ocrx_word' id='word_1_256' title='bbox 1539 3384 1632 3457; x_wconf 87' lang='lat' dir='ltr'><strong>omni</strong></span> <span class='ocrx_word' id='word_1_257' title='bbox 1664 3395 1778 3459; x_wconf 83' lang='lat' dir='ltr'><strong>sexta</strong></span> <span class='ocrx_word' id='word_1_258' title='bbox 1799 3375 1889 3454; x_wconf 77' lang='lat' dir='ltr'><strong>toria</strong></span> 
     </span>
     <span class='ocr_line' id='line_1_28' title="bbox 524 3471 1888 3581; baseline 0.003 -33"><span class='ocrx_word' id='word_1_259' title='bbox 524 3471 615 3548; x_wconf 88' lang='lat' dir='ltr'><strong>Item</strong></span> <span class='ocrx_word' id='word_1_260' title='bbox 642 3471 792 3572; x_wconf 88' lang='lat' dir='ltr'><strong>quilibet</strong></span> <span class='ocrx_word' id='word_1_261' title='bbox 818 3472 867 3549; x_wconf 80' lang='lat' dir='ltr'><strong>tle</strong></span> <span class='ocrx_word' id='word_1_262' title='bbox 893 3475 986 3572; x_wconf 88' lang='lat' dir='ltr'><strong>ipsis</strong></span> <span class='ocrx_word' id='word_1_263' title='bbox 1012 3471 1076 3552; x_wconf 87' lang='lat' dir='ltr'><strong>dat</strong></span> <span class='ocrx_word' id='word_1_264' title='bbox 1100 3478 1120 3552; x_wconf 92' lang='grc' dir='ltr'>Ι</span> <span class='ocrx_word' id='word_1_265' title='bbox 1142 3490 1326 3558; x_wconf 81' lang='lat' dir='ltr'><strong>metretam</strong></span> <span class='ocrx_word' id='word_1_266' title='bbox 1358 3479 1454 3557; x_wconf 85' lang='lat' dir='ltr'><strong>salis</strong></span> <span class='ocrx_word' id='word_1_267' title='bbox 1478 3501 1551 3581; x_wconf 92' lang='lat' dir='ltr'><strong>que</strong></span> <span class='ocrx_word' id='word_1_268' title='bbox 1582 3479 1722 3556; x_wconf 87' lang='lat' dir='ltr'><strong>dicitnr</strong></span> <span class='ocrx_word' id='word_1_269' title='bbox 1746 3481 1805 3556; x_wconf 91' lang='lat' dir='ltr'><strong>ein</strong></span> <span class='ocrx_word' id='word_1_270' title='bbox 1833 3475 1888 3552; x_wconf 85' lang='lat' dir='ltr'><strong>be·</strong></span> 
     </span>
     <span class='ocr_line' id='line_1_29' title="bbox 524 3569 1819 3680; baseline 0.002 -28"><span class='ocrx_word' id='word_1_271' title='bbox 524 3569 686 3652; x_wconf 78' lang='lat' dir='ltr'><strong>etrioben</strong></span> <span class='ocrx_word' id='word_1_272' title='bbox 713 3594 841 3648; x_wconf 84' lang='lat' dir='ltr'><strong>mezze</strong></span> <span class='ocrx_word' id='word_1_273' title='bbox 865 3572 1028 3651; x_wconf 88' lang='lat' dir='ltr'><strong>Martini.</strong></span> <span class='ocrx_word' id='word_1_274' title='bbox 1079 3577 1167 3653; x_wconf 87' lang='lat' dir='ltr'><strong>Item</strong></span> <span class='ocrx_word' id='word_1_275' title='bbox 1193 3581 1230 3654; x_wconf 94' lang='lat' dir='ltr'><strong>in</strong></span> <span class='ocrx_word' id='word_1_276' title='bbox 1254 3579 1329 3655; x_wconf 81' lang='lat' dir='ltr'><strong>XL</strong></span> <span class='ocrx_word' id='word_1_277' title='bbox 1354 3579 1506 3680; x_wconf 90' lang='lat' dir='ltr'><strong>quilibet</strong></span> <span class='ocrx_word' id='word_1_278' title='bbox 1529 3579 1570 3654; x_wconf 93' lang='lat' dir='ltr'><strong>Il</strong></span> <span class='ocrx_word' id='word_1_279' title='bbox 1593 3580 1711 3655; x_wconf 85' lang='lat' dir='ltr'><strong>libras</strong></span> <span class='ocrx_word' id='word_1_280' title='bbox 1738 3579 1819 3654; x_wconf 88' lang='lat' dir='ltr'><strong>olei·</strong></span> 
     </span>
     <span class='ocr_line' id='line_1_30' title="bbox 624 3670 1890 3778; baseline 0.002 -32"><span class='ocrx_word' id='word_1_281' title='bbox 624 3671 714 3748; x_wconf 91' lang='lat' dir='ltr'><strong>Item</strong></span> <span class='ocrx_word' id='word_1_282' title='bbox 733 3670 945 3772; x_wconf 78' lang='lat' dir='ltr'><strong>Episcopus</strong></span> <span class='ocrx_word' id='word_1_283' title='bbox 968 3673 1079 3752; x_wconf 85' lang='lat' dir='ltr'><strong>babet</strong></span> <span class='ocrx_word' id='word_1_284' title='bbox 1103 3677 1236 3754; x_wconf 88' lang='lat' dir='ltr'><strong>ibidem</strong></span> <span class='ocrx_word' id='word_1_285' title='bbox 1255 3678 1486 3757; x_wconf 81' lang='lat' dir='ltr'><strong>Tbeloneum</strong></span> <span class='ocrx_word' id='word_1_286' title='bbox 1511 3699 1677 3778; x_wconf 76' lang='lat' dir='ltr'><strong>magnum</strong></span> <span class='ocrx_word' id='word_1_287' title='bbox 1692 3677 1785 3754; x_wconf 88' lang='lat' dir='ltr'><strong>Item</strong></span> <span class='ocrx_word' id='word_1_288' title='bbox 1799 3671 1890 3750; x_wconf 75' lang='lat' dir='ltr'><strong>ule·</strong></span> 
     </span>
    </p>
   </div>
   <div class='ocr_carea' id='block_1_10' title="bbox 382 3767 1890 3879">
    <p class='ocr_par' dir='ltr' id='par_1_12' title="bbox 382 3767 1890 3879">
     <span class='ocr_line' id='line_1_31' title="bbox 382 3767 1890 3879; baseline 0.008 -42"><span class='ocrx_word' id='word_1_289' title='bbox 382 3828 385 3837; x_wconf 85' lang='lat'>.</span> <span class='ocrx_word' id='word_1_290' title='bbox 523 3767 659 3846; x_wconf 89' lang='lat' dir='ltr'><strong>lonium</strong></span> <span class='ocrx_word' id='word_1_291' title='bbox 682 3770 873 3870; x_wconf 89' lang='lat' dir='ltr'><strong>pecudum.</strong></span> <span class='ocrx_word' id='word_1_292' title='bbox 922 3773 1012 3852; x_wconf 90' lang='lat' dir='ltr'><strong>Item</strong></span> <span class='ocrx_word' id='word_1_293' title='bbox 1037 3785 1182 3876; x_wconf 91' lang='lat' dir='ltr'><strong>pontem</strong></span> <span class='ocrx_word' id='word_1_294' title='bbox 1206 3781 1240 3853; x_wconf 92' lang='lat' dir='ltr'><strong>in</strong></span> <span class='ocrx_word' id='word_1_295' title='bbox 1260 3775 1447 3872; x_wconf 76' lang='lat' dir='ltr'><strong>memacb,</strong></span> <span class='ocrx_word' id='word_1_296' title='bbox 1473 3779 1534 3879; x_wconf 95' lang='lat' dir='ltr'><strong>qui</strong></span> <span class='ocrx_word' id='word_1_297' title='bbox 1561 3773 1806 3854; x_wconf 82' lang='lat' dir='ltr'><strong>soluitLXII</strong></span> <span class='ocrx_word' id='word_1_298' title='bbox 1826 3795 1890 3849; x_wconf 87' lang='lat' dir='ltr'><strong>no-</strong></span> 
     </span>
    </p>
   </div>
   <div class='ocr_carea' id='block_1_11' title="bbox 525 3865 1961 4169">
    <p class='ocr_par' dir='ltr' id='par_1_13' title="bbox 525 3865 1961 4169">
     <span class='ocr_line' id='line_1_32' title="bbox 525 3865 1961 3975; baseline 0.009 -35"><span class='ocrx_word' id='word_1_299' title='bbox 525 3865 609 3942; x_wconf 88' lang='lat' dir='ltr'><strong>dios</strong></span> <span class='ocrx_word' id='word_1_300' title='bbox 634 3869 793 3967; x_wconf 81' lang='lat' dir='ltr'><strong>siliginis</strong></span> <span class='ocrx_word' id='word_1_301' title='bbox 820 3881 857 3948; x_wconf 90' lang='lat' dir='ltr'><strong>et</strong></span> <span class='ocrx_word' id='word_1_302' title='bbox 879 3869 939 3964; x_wconf 64' lang='lat' dir='ltr'><strong>‚VI</strong></span> <span class='ocrx_word' id='word_1_303' title='bbox 964 3873 1078 3950; x_wconf 81' lang='lat' dir='ltr'><strong>libras</strong></span> <span class='ocrx_word' id='word_1_304' title='bbox 1110 3875 1338 3954; x_wconf 88' lang='lat' dir='ltr'><strong>denariorum</strong></span> <span class='ocrx_word' id='word_1_305' title='bbox 1363 3879 1399 3955; x_wconf 78' lang='lat' dir='ltr'><strong>Ir</strong></span> <span class='ocrx_word' id='word_1_306' title='bbox 1431 3901 1586 3954; x_wconf 85' lang='lat' dir='ltr'><strong>anseres</strong></span> <span class='ocrx_word' id='word_1_307' title='bbox 1611 3873 1647 3952; x_wconf 83' lang='lat' dir='ltr'>L</span> <span class='ocrx_word' id='word_1_308' title='bbox 1671 3869 1889 3952; x_wconf 73' lang='lat' dir='ltr'><strong>kamtmb</strong></span> <span class='ocrx_word' id='word_1_309' title='bbox 1960 3946 1961 3975; x_wconf 26' lang='lat' dir='ltr'><strong>q</strong></span> 
     </span>
     <span class='ocr_line' id='line_1_33' title="bbox 526 3959 1961 4078; baseline 0.005 -39"><span class='ocrx_word' id='word_1_310' title='bbox 526 3959 649 4042; x_wconf 84' lang='lat' dir='ltr'><strong>Crura</strong></span> <span class='ocrx_word' id='word_1_311' title='bbox 672 3972 824 4071; x_wconf 86' lang='lat' dir='ltr'><strong>porcina</strong></span> <span class='ocrx_word' id='word_1_312' title='bbox 849 3981 884 4046; x_wconf 93' lang='lat' dir='ltr'><strong>et</strong></span> <span class='ocrx_word' id='word_1_313' title='bbox 911 3972 969 4048; x_wconf 91' lang='lat' dir='ltr'><strong>IV</strong></span> <span class='ocrx_word' id='word_1_314' title='bbox 994 3975 1130 4050; x_wconf 89' lang='lat' dir='ltr'><strong>talenta</strong></span> <span class='ocrx_word' id='word_1_315' title='bbox 1154 3977 1326 4078; x_wconf 84' lang='lat' dir='ltr'><strong>bipperis.</strong></span> <span class='ocrx_word' id='word_1_316' title='bbox 1375 3977 1466 4056; x_wconf 92' lang='lat' dir='ltr'><strong>Item</strong></span> <span class='ocrx_word' id='word_1_317' title='bbox 1494 3987 1552 4054; x_wconf 84' lang='lat' dir='ltr'><strong>est</strong></span> <span class='ocrx_word' id='word_1_318' title='bbox 1584 3977 1633 4054; x_wconf 92' lang='lat' dir='ltr'><strong>ibi</strong></span> <span class='ocrx_word' id='word_1_319' title='bbox 1659 3971 1781 4053; x_wconf 77' lang='lat' dir='ltr'><strong>Curia</strong></span> <span class='ocrx_word' id='word_1_320' title='bbox 1802 3969 1890 4048; x_wconf 75' lang='lat' dir='ltr'><strong>villi·</strong></span> <span class='ocrx_word' id='word_1_321' title='bbox 1960 3984 1961 3999; x_wconf 66' lang='lat'><em>³</em></span> 
     </span>
     <span class='ocr_line' id='line_1_34' title="bbox 526 4063 1890 4169; baseline 0.004 -31"><span class='ocrx_word' id='word_1_322' title='bbox 526 4063 620 4142; x_wconf 88' lang='lat' dir='ltr'><strong>calis</strong></span> <span class='ocrx_word' id='word_1_323' title='bbox 637 4091 708 4169; x_wconf 91' lang='lat' dir='ltr'><strong>que</strong></span> <span class='ocrx_word' id='word_1_324' title='bbox 722 4071 834 4147; x_wconf 89' lang='lat' dir='ltr'><strong>soluit</strong></span> <span class='ocrx_word' id='word_1_325' title='bbox 853 4069 909 4148; x_wconf 91' lang='lat' dir='ltr'><strong>IX</strong></span> <span class='ocrx_word' id='word_1_326' title='bbox 925 4071 1040 4150; x_wconf 82' lang='lat' dir='ltr'><strong>libros</strong></span> <span class='ocrx_word' id='word_1_327' title='bbox 1059 4073 1301 4156; x_wconf 83' lang='lat' dir='ltr'><strong>denariorum.</strong></span> <span class='ocrx_word' id='word_1_328' title='bbox 1325 4077 1416 4156; x_wconf 90' lang='lat' dir='ltr'><strong>Item</strong></span> <span class='ocrx_word' id='word_1_329' title='bbox 1434 4076 1542 4154; x_wconf 89' lang='lat' dir='ltr'><strong>babet</strong></span> <span class='ocrx_word' id='word_1_330' title='bbox 1560 4085 1740 4154; x_wconf 73' lang='lat' dir='ltr'><strong>monetam</strong></span> <span class='ocrx_word' id='word_1_331' title='bbox 1760 4070 1890 4152; x_wconf 72' lang='lat' dir='ltr'><strong>ibidem</strong></span> 
     </span>
    </p>
   </div>
   <div class='ocr_carea' id='block_1_12' title="bbox 0 0 2123 5034">
    <p class='ocr_par' dir='ltr' id='par_1_14' title="bbox 0 0 2123 5034">
     <span class='ocr_line' id='line_1_35' title="bbox 0 0 2123 5034; baseline 0 0"><span class='ocrx_word' id='word_1_332' title='bbox 0 0 2123 5034; x_wconf 95' lang='lat' dir='ltr'><strong> </strong></span> 
     </span>
    </p>
   </div>
  </div>
 </body>
</html>
